2510 2979
820 1004 1065 1056 Pars
1138 995 1730 1075 posterior.

318 1141 529 1187 Refutatis
563 1139 787 1184 nonnullis
821 1139 912 1181 VV.
945 1137 1042 1180 DD.
1077 1136 1353 1190 coniecturis,
1396 1148 1541 1177 novae
1575 1131 1856 1177 Scholiorum
1899 1130 2229 1176 emendationes

861 1221 1151 1264 Eruditorum
1184 1218 1349 1262 iudicio
1384 1228 1679 1276 exponuntur.

218 1447 391 1507 Scholia
418 1464 456 1500 in
484 1461 735 1512 Sophoclem,
764 1472 932 1512 quorum
959 1459 1083 1497 editio
1111 1458 1297 1510 princeps
1331 1470 1380 1495 ex
1408 1457 1642 1494 recensione
1671 1457 1758 1492 Jan.
1788 1457 1960 1493 Las-caris
2001 1458 2149 1507 prodiit
2177 1460 2337 1507 Romae,

223 1540 347 1584 1518„
383 1546 564 1587 quaeque
592 1532 684 1571 inde
710 1534 888 1570 Romana
915 1532 1102 1580 audiunt,
1130 1531 1179 1569 ad
1203 1530 1447 1580 Brunchium
1475 1541 1600 1581 usque
1628 1529 1771 1567 intacta
1799 1542 1960 1579 prorsus
1990 1538 2106 1581 atque
2143 1532 2229 1570 sine
2256 1534 2338 1571 ullo

217 1618 349 1648 textus
387 1613 573 1658 respectu
614 1617 663 1650 ex
700 1618 778 1641 una
817 1604 857 1642 in
895 1605 1055 1643 alteram
1092 1604 1304 1642 editionem
1339 1606 1578 1656 migrarunt,
1625 1601 1737 1653 quasi
1774 1602 1887 1638 nihili
1930 1602 2015 1640 fere
2049 1612 2181 1641 essent
2222 1615 2339 1659 atque

220 1682 501 1720 emaculatione
529 1678 701 1729 indigna.
757 1678 1048 1728 Aristophanea
1073 1691 1187 1725 vero,
1211 1675 1237 1716 ἃ
1266 1675 1316 1729 δὴ
1339 1674 1551 1726 σποράδην
1578 1675 1621 1715 ἐν
1649 1672 1912 1725 ἀντιγράφοις
1940 1678 2100 1726 κείμενα
2127 1678 2342 1730 διαφόροις

221 1754 287 1795 καὶ
316 1749 593 1805 πεφυρμένως,
622 1750 869 1791 avve-mental
895 1764 936 1791 τε
962 1750 1042 1801 καὶ,
1081 1746 1137 1798 ὦς
1165 1746 1295 1791 οἷοντ’
1323 1742 1386 1802 ἦν,
1435 1745 1714 1800 ἐπιμελέστατα
1752 1744 1986 1799 διώρθωται
2023 1749 2133 1801 παρὰ
2165 1750 2342 1804 Μάρκου

223 1823 483 1877 ΛῙουσούρου
511 1826 585 1864 τοῦ
615 1821 787 1875 Κρητός,
814 1824 997 1864 Venetiis
1024 1823 1129 1875 apud
1155 1824 1301 1860 Aldum
1327 1823 1470 1868 MIID.,
1508 1822 1583 1858 iam
1610 1821 1825 1871 discipulus
1852 1824 2021 1870 Musuri,
2068 1825 2339 1876 sigismundus

225 1899 433 1943 Gelenius,
477 1897 546 1933 ubi
585 1897 727 1934 vitiosa
759 1897 842 1934 visa
883 1904 1013 1944 erant,
1061 1910 1110 1935 ex
1146 1896 1377 1934 coniectura
1415 1894 1649 1932 emendavit.
1732 1894 1822 1950 Qua
1859 1896 1898 1932 in
1936 1909 1979 1933 re
2007 1904 2111 1934 tanto
2141 1898 2342 1937 doctrinae

224 1972 368 2007 lumine
397 1971 552 2021 gavisus
581 1978 661 2015 est,
704 1979 748 2006 ut
783 1969 870 2008 fere
907 1982 1062 2019 semper
1088 1967 1283 2019 probetur
1310 1983 1331 2005 a
1357 1968 1528 2005 Rustero
1558 1976 1597 2004 et
1626 1969 1953 2006 Hemsterhusio:
1996 1984 2165 2022 quorum
2201 1973 2266 2008 ille
2305 1975 2342 2009 in

226 2042 537 2095 splendidissima
565 2042 716 2080 Comici
746 2041 920 2080 editione
948 2042 1094 2081 scholia
1121 2041 1303 2080 tractavit
1330 2026 1642 2093 religiosissime,
1678 2039 1743 2077 hic
1771 2054 1880 2087 vero,
1922 2057 2040 2095 quum
2068 2057 2206 2082 novam
2235 2046 2341 2083 Pluti

225 2116 498 2152 recensionem
526 2115 845 2162 communicaret,
881 2123 960 2152 tam
987 2115 1309 2152 illustrandorum
1337 2127 1452 2166 quam
1481 2114 1808 2151 emendandorum
1837 2115 2189 2155 Grammaticorum
2217 2121 2343 2168 speci-

225 2189 314 2226 men
356 2187 592 2237 proposuit,
644 2195 689 2224 ut
737 2201 854 2237 supra
898 2188 997 2226 nihil
1044 2188 1135 2226 addi
1188 2189 1327 2238 possit.
1409 2189 1560 2227 Verum
1606 2187 1709 2224 euim
1746 2200 1864 2235 vero,
1910 2190 1968 2226 uti
1995 2190 2226 2242 plerumque
2256 2192 2343 2230 fieri

227 2261 344 2308 solet,
386 2267 429 2298 ut
463 2258 581 2297 etiam
616 2258 752 2310 optimi
777 2258 954 2299 homines
981 2260 1189 2313 aliquoties
1225 2267 1411 2311 peccent,
1447 2257 1504 2297 sic
1531 2271 1690 2309 magnus
1719 2272 1879 2312 quoque
1905 2261 2222 2301 Hemsterhusius
2249 2279 2344 2303 non-

228 2334 344 2379 nulla,
373 2339 439 2367 aut
466 2331 609 2368 intacta
635 2331 811 2381 reliquit,
839 2339 905 2368 aut
931 2344 1145 2383 perperam
1171 2332 1414 2369 diiudicavit.
1471 2333 1568 2368 Post
1596 2345 1685 2368 eum
1711 2332 1914 2386 Joh.Aug.
1942 2335 2099 2371 Ernesti
2127 2336 2164 2372 in
2191 2338 2347 2387 praefa-

228 2407 334 2443 tione
362 2406 410 2443 ad
437 2404 572 2442 Nubes
600 2404 650 2442 de
678 2404 910 2444 Scholiastis
938 2407 1075 2444 docuit
1101 2407 1313 2458 quaedam,
1348 2407 1421 2444 sed
1447 2414 1524 2443 tam
1553 2408 1823 2453 tumultuaria,
1851 2416 1896 2444 ut
1924 2410 2130 2458 scriptoris
2159 2411 2345 2448 festinan-

227 2478 322 2515 tiam
348 2476 552 2515 manifesto
582 2476 795 2516 ostendant.
851 2478 1151 2517 Eum-rationum
1180 2491 1414 2530 graecarum
1440 2478 1481 2516 in
1510 2477 1750 2528 Sophoclem
1778 2479 1906 2516 nullus
1937 2479 2060 2518 adhuc
2090 2484 2241 2521 exstitit
2269 2487 2345 2522 sin-

230 2564 343 2589 cerus
372 2550 601 2598 restitutor,
646 2563 732 2588 nam
759 2551 884 2603 qualis
910 2551 1115 2590 Brunckio
1142 2552 1369 2593 Demetrius
1399 2551 1616 2589 Triclinius
1645 2553 1684 2589 in
1710 2552 1928 2605 redigendo
1958 2561 2089 2603 textu,
2136 2558 2225 2595 talis
2254 2559 2350 2596 mibi

229 2624 447 2662 Brunckius
475 2625 516 2661 in
541 2623 710 2662 Scholiis
738 2624 989 2663 recensendis
1016 2626 1123 2664 visus
1152 2634 1224 2663 est.

1860 2686 1888 2727 3
