<?xml version="1.0" encoding="UTF-8"?>
<!DOCTYPE html PUBLIC "-//W3C//DTD XHTML 1.0 Transitional//EN"
    "http://www.w3.org/TR/xhtml1/DTD/xhtml1-transitional.dtd">
<html xmlns="http://www.w3.org/1999/xhtml" xml:lang="en" lang="en">
 <head>
  <title>
</title>
<meta http-equiv="Content-Type" content="text/html;charset=utf-8" />
  <meta name='ocr-system' content='tesseract 3.04.00' />
  <meta name='ocr-capabilities' content='ocr_page ocr_carea ocr_par ocr_line ocrx_word'/>
</head>
<body>
  <div class='ocr_page' id='page_1' title='image "4773749_0032.png"; bbox 0 0 2510 2979; ppageno 0'>
   <div class='ocr_carea' id='block_1_1' title="bbox 1107 52 1430 95">
    <p class='ocr_par' dir='ltr' id='par_1_1' title="bbox 1107 52 1430 95">
     <span class='ocr_line' id='line_1_1' title="bbox 1107 52 1430 95; baseline 0.009 -15"><span class='ocrx_word' id='word_1_1' title='bbox 1107 52 1430 95; x_wconf 58' lang='lat'><strong>„18-</strong></span> 
     </span>
    </p>
   </div>
   <div class='ocr_carea' id='block_1_2' title="bbox 306 172 2337 243">
    <p class='ocr_par' dir='ltr' id='par_1_2' title="bbox 306 172 2337 243">
     <span class='ocr_line' id='line_1_2' title="bbox 306 172 2337 243; baseline 0.014 -35"><span class='ocrx_word' id='word_1_2' title='bbox 306 172 364 208; x_wconf 88' lang='lat' dir='ltr'><strong>Ex</strong></span> <span class='ocrx_word' id='word_1_3' title='bbox 395 173 525 210; x_wconf 86' lang='lat' dir='ltr'><strong>Schol.</strong></span> <span class='ocrx_word' id='word_1_4' title='bbox 558 173 606 211; x_wconf 84' lang='lat' dir='ltr'><strong>ad</strong></span> <span class='ocrx_word' id='word_1_5' title='bbox 634 174 741 212; x_wconf 87' lang='lat' dir='ltr'><strong>Plut.</strong></span> <span class='ocrx_word' id='word_1_6' title='bbox 772 189 808 213; x_wconf 84' lang='lat' dir='ltr'><strong>v.</strong></span> <span class='ocrx_word' id='word_1_7' title='bbox 838 190 873 228; x_wconf 81' lang='lat'><strong>9.</strong></span> <span class='ocrx_word' id='word_1_8' title='bbox 947 178 998 218; x_wconf 82' lang='grc' dir='ltr'><strong>Οἱ</strong></span> <span class='ocrx_word' id='word_1_9' title='bbox 1025 178 1067 220; x_wconf 77' lang='grc' dir='ltr'><strong>δὲ</strong></span> <span class='ocrx_word' id='word_1_10' title='bbox 1095 176 1366 232; x_wconf 74' lang='grc' dir='ltr'><em>ἀγοράσαντες</em></span> <span class='ocrx_word' id='word_1_11' title='bbox 1396 180 1550 236; x_wconf 74' lang='grc' dir='ltr'><em>ἔλεγον,</em></span> <span class='ocrx_word' id='word_1_12' title='bbox 1600 182 1652 233; x_wconf 78' lang='grc' dir='ltr'><strong>ὠς</strong></span> <span class='ocrx_word' id='word_1_13' title='bbox 1681 187 1764 226; x_wconf 80' lang='grc' dir='ltr'><strong>πᾶν</strong></span> <span class='ocrx_word' id='word_1_14' title='bbox 1793 187 1838 228; x_wconf 87' lang='grc' dir='ltr'><em>τὸ</em></span> <span class='ocrx_word' id='word_1_15' title='bbox 1866 188 1983 233; x_wconf 88' lang='grc' dir='ltr'><em>ἀνιὸν</em></span> <span class='ocrx_word' id='word_1_16' title='bbox 2020 193 2087 234; x_wconf 80' lang='grc' dir='ltr'><em>καί</em></span> <span class='ocrx_word' id='word_1_17' title='bbox 2123 194 2206 234; x_wconf 82' lang='grc' dir='ltr'><strong>πᾶν</strong></span> <span class='ocrx_word' id='word_1_18' title='bbox 2234 190 2270 243; x_wconf 84' lang='grc' dir='ltr'><strong>ὅ,</strong></span> <span class='ocrx_word' id='word_1_19' title='bbox 2299 209 2337 235; x_wconf 89' lang='grc' dir='ltr'><strong>τι</strong></span> 
     </span>
    </p>
   </div>
   <div class='ocr_carea' id='block_1_3' title="bbox 198 241 559 296">
    <p class='ocr_par' dir='ltr' id='par_1_3' title="bbox 198 241 559 296">
     <span class='ocr_line' id='line_1_3' title="bbox 198 241 559 296; baseline 0.006 -13"><span class='ocrx_word' id='word_1_20' title='bbox 198 241 314 295; x_wconf 81' lang='grc' dir='ltr'><em>τύχοι</em></span> <span class='ocrx_word' id='word_1_21' title='bbox 342 243 559 296; x_wconf 76' lang='grc' dir='ltr'><em>ὠνήσαντο.</em></span> 
     </span>
    </p>
   </div>
   <div class='ocr_carea' id='block_1_4' title="bbox 167 352 2334 923">
    <p class='ocr_par' dir='ltr' id='par_1_4' title="bbox 167 352 2334 923">
     <span class='ocr_line' id='line_1_4' title="bbox 309 352 2334 425; baseline 0.013 -38"><span class='ocrx_word' id='word_1_22' title='bbox 309 352 469 389; x_wconf 86' lang='lat' dir='ltr'>»Deleri</span> <span class='ocrx_word' id='word_1_23' title='bbox 499 356 685 392; x_wconf 89' lang='lat' dir='ltr'><strong>convenit</strong></span> <span class='ocrx_word' id='word_1_24' title='bbox 713 357 930 394; x_wconf 90' lang='lat' dir='ltr'><strong>secundum</strong></span> <span class='ocrx_word' id='word_1_25' title='bbox 959 359 1060 395; x_wconf 84' lang='lat' dir='ltr'><strong>illud</strong></span> <span class='ocrx_word' id='word_1_26' title='bbox 1088 360 1155 398; x_wconf 84' lang='grc' dir='ltr'><em>καὶ</em></span> <span class='ocrx_word' id='word_1_27' title='bbox 1183 362 1277 409; x_wconf 83' lang='grc' dir='ltr'><em>πᾶν,</em></span> <span class='ocrx_word' id='word_1_28' title='bbox 1306 363 1421 412; x_wconf 83' lang='lat' dir='ltr'><strong>plane</strong></span> <span class='ocrx_word' id='word_1_29' title='bbox 1462 365 1652 402; x_wconf 84' lang='lat' dir='ltr'><strong>otiosum:</strong></span> <span class='ocrx_word' id='word_1_30' title='bbox 1690 367 1763 403; x_wconf 87' lang='lat' dir='ltr'><strong>nisi</strong></span> <span class='ocrx_word' id='word_1_31' title='bbox 1799 368 1933 417; x_wconf 85' lang='lat' dir='ltr'><strong>potius</strong></span> <span class='ocrx_word' id='word_1_32' title='bbox 1962 372 2173 419; x_wconf 75' lang='lat' dir='ltr'>existimes,</span> <span class='ocrx_word' id='word_1_33' title='bbox 2214 389 2334 425; x_wconf 87' lang='lat' dir='ltr'><strong>quum</strong></span> 
     </span>
     <span class='ocr_line' id='line_1_5' title="bbox 200 424 2331 493; baseline 0.011 -32"><span class='ocrx_word' id='word_1_34' title='bbox 200 437 248 461; x_wconf 83' lang='lat' dir='ltr'><strong>ex</strong></span> <span class='ocrx_word' id='word_1_35' title='bbox 278 424 382 461; x_wconf 88' lang='lat' dir='ltr'><strong>binis</strong></span> <span class='ocrx_word' id='word_1_36' title='bbox 412 426 701 476; x_wconf 81' lang='lat' dir='ltr'><strong>exemplaribus</strong></span> <span class='ocrx_word' id='word_1_37' title='bbox 729 429 832 466; x_wconf 88' lang='lat' dir='ltr'><strong>inter</strong></span> <span class='ocrx_word' id='word_1_38' title='bbox 857 443 900 467; x_wconf 83' lang='lat' dir='ltr'><strong>se</strong></span> <span class='ocrx_word' id='word_1_39' title='bbox 928 432 1176 480; x_wconf 83' lang='lat' dir='ltr'><strong>comparatis,</strong></span> <span class='ocrx_word' id='word_1_40' title='bbox 1206 447 1378 484; x_wconf 87' lang='lat' dir='ltr'><strong>quorum</strong></span> <span class='ocrx_word' id='word_1_41' title='bbox 1415 434 1454 470; x_wconf 91' lang='lat' dir='ltr'><strong>in</strong></span> <span class='ocrx_word' id='word_1_42' title='bbox 1482 448 1562 472; x_wconf 91' lang='lat' dir='ltr'><strong>uno</strong></span> <span class='ocrx_word' id='word_1_43' title='bbox 1592 439 1675 475; x_wconf 87' lang='grc' dir='ltr'><strong>πᾶν</strong></span> <span class='ocrx_word' id='word_1_44' title='bbox 1702 435 1748 477; x_wconf 86' lang='grc' dir='ltr'><em>τὸ</em></span> <span class='ocrx_word' id='word_1_45' title='bbox 1776 435 1914 487; x_wconf 85' lang='grc' dir='ltr'><em>ἀνιόν,</em></span> <span class='ocrx_word' id='word_1_46' title='bbox 1964 442 2003 478; x_wconf 85' lang='grc' dir='ltr'><strong>ἰη</strong></span> <span class='ocrx_word' id='word_1_47' title='bbox 2031 445 2157 482; x_wconf 88' lang='lat' dir='ltr'><strong>altero</strong></span> <span class='ocrx_word' id='word_1_48' title='bbox 2186 447 2268 483; x_wconf 82' lang='grc' dir='ltr'><strong>πᾶν</strong></span> <span class='ocrx_word' id='word_1_49' title='bbox 2296 445 2331 493; x_wconf 84' lang='grc' dir='ltr'><strong>ὅ,</strong></span> 
     </span>
     <span class='ocr_line' id='line_1_6' title="bbox 196 494 2330 559; baseline 0.009 -24"><span class='ocrx_word' id='word_1_50' title='bbox 196 509 234 535; x_wconf 94' lang='grc' dir='ltr'><strong>τι</strong></span> <span class='ocrx_word' id='word_1_51' title='bbox 270 494 384 548; x_wconf 85' lang='grc' dir='ltr'><em>τύχοι</em></span> <span class='ocrx_word' id='word_1_52' title='bbox 419 497 561 546; x_wconf 85' lang='lat' dir='ltr'><strong>fuerit,</strong></span> <span class='ocrx_word' id='word_1_53' title='bbox 606 499 704 538; x_wconf 80' lang='lat' dir='ltr'><strong>haec</strong></span> <span class='ocrx_word' id='word_1_54' title='bbox 733 501 879 539; x_wconf 88' lang='lat' dir='ltr'><strong>scholia</strong></span> <span class='ocrx_word' id='word_1_55' title='bbox 909 501 1257 553; x_wconf 80' lang='lat' dir='ltr'><strong>describerentur,</strong></span> <span class='ocrx_word' id='word_1_56' title='bbox 1309 514 1475 559; x_wconf 78' lang='lat' dir='ltr'><strong>utraque</strong></span> <span class='ocrx_word' id='word_1_57' title='bbox 1522 507 1726 547; x_wconf 83' lang='lat' dir='ltr'><strong>librarium</strong></span> <span class='ocrx_word' id='word_1_58' title='bbox 1765 512 2050 552; x_wconf 62' lang='lat' dir='ltr'><strong>coniunxisse«</strong></span> <span class='ocrx_word' id='word_1_59' title='bbox 2106 517 2330 556; x_wconf 83' lang='lat' dir='ltr'><strong>Hemsterh.</strong></span> 
     </span>
     <span class='ocr_line' id='line_1_7' title="bbox 195 572 2327 640; baseline 0.009 -34"><span class='ocrx_word' id='word_1_60' title='bbox 195 572 324 607; x_wconf 78' lang='lat' dir='ltr'><strong>Minus</strong></span> <span class='ocrx_word' id='word_1_61' title='bbox 351 579 481 617; x_wconf 86' lang='lat' dir='ltr'><strong>recte,</strong></span> <span class='ocrx_word' id='word_1_62' title='bbox 519 573 675 622; x_wconf 84' lang='lat' dir='ltr'><strong>opinor.</strong></span> <span class='ocrx_word' id='word_1_63' title='bbox 730 575 925 611; x_wconf 80' lang='lat' dir='ltr'><strong>Nimirum</strong></span> <span class='ocrx_word' id='word_1_64' title='bbox 953 574 998 614; x_wconf 88' lang='grc' dir='ltr'><em>τὸ</em></span> <span class='ocrx_word' id='word_1_65' title='bbox 1026 574 1145 615; x_wconf 72' lang='grc' dir='ltr'><em>ἀνιὸν</em></span> <span class='ocrx_word' id='word_1_66' title='bbox 1182 579 1258 615; x_wconf 89' lang='lat' dir='ltr'><strong>hoc</strong></span> <span class='ocrx_word' id='word_1_67' title='bbox 1296 580 1385 617; x_wconf 92' lang='lat' dir='ltr'><strong>loco</strong></span> <span class='ocrx_word' id='word_1_68' title='bbox 1410 593 1483 629; x_wconf 91' lang='lat' dir='ltr'><strong>pro</strong></span> <span class='ocrx_word' id='word_1_69' title='bbox 1511 582 1754 620; x_wconf 85' lang='lat' dir='ltr'><strong>substantivo</strong></span> <span class='ocrx_word' id='word_1_70' title='bbox 1785 586 2023 632; x_wconf 85' lang='lat' dir='ltr'><strong>habendum,</strong></span> <span class='ocrx_word' id='word_1_71' title='bbox 2070 590 2327 640; x_wconf 80' lang='lat' dir='ltr'><strong>continetque</strong></span> 
     </span>
     <span class='ocr_line' id='line_1_8' title="bbox 167 643 2328 710; baseline 0.008 -30"><span class='ocrx_word' id='word_1_72' title='bbox 167 643 369 694; x_wconf 77' lang='lat' dir='ltr'><strong>&#39;vulgaris</strong></span> <span class='ocrx_word' id='word_1_73' title='bbox 408 643 528 681; x_wconf 84' lang='lat' dir='ltr'><strong>lectio</strong></span> <span class='ocrx_word' id='word_1_74' title='bbox 567 645 793 684; x_wconf 84' lang='lat' dir='ltr'><strong>ubertatem</strong></span> <span class='ocrx_word' id='word_1_75' title='bbox 829 647 1018 698; x_wconf 78' lang='lat' dir='ltr'><strong>quandam</strong></span> <span class='ocrx_word' id='word_1_76' title='bbox 1048 648 1252 696; x_wconf 81' lang='lat' dir='ltr'><strong>dictionis,</strong></span> <span class='ocrx_word' id='word_1_77' title='bbox 1305 665 1407 703; x_wconf 85' lang='lat' dir='ltr'><strong>quae</strong></span> <span class='ocrx_word' id='word_1_78' title='bbox 1436 666 1552 691; x_wconf 88' lang='lat' dir='ltr'><strong>curae</strong></span> <span class='ocrx_word' id='word_1_79' title='bbox 1582 667 1625 690; x_wconf 91' lang='lat' dir='ltr'><strong>ac</strong></span> <span class='ocrx_word' id='word_1_80' title='bbox 1655 655 1935 704; x_wconf 84' lang='lat' dir='ltr'><strong>sollicitudini,</strong></span> <span class='ocrx_word' id='word_1_81' title='bbox 1978 672 2054 710; x_wconf 86' lang='lat' dir='ltr'><strong>qua</strong></span> <span class='ocrx_word' id='word_1_82' title='bbox 2083 668 2328 698; x_wconf 84' lang='lat' dir='ltr'><strong>mercatores</strong></span> 
     </span>
     <span class='ocr_line' id='line_1_9' title="bbox 194 716 2327 779; baseline 0.008 -27"><span class='ocrx_word' id='word_1_83' title='bbox 194 716 259 753; x_wconf 88' lang='lat' dir='ltr'><strong>isti</strong></span> <span class='ocrx_word' id='word_1_84' title='bbox 288 717 348 753; x_wconf 83' lang='lat' dir='ltr'><strong>ius</strong></span> <span class='ocrx_word' id='word_1_85' title='bbox 376 730 489 753; x_wconf 91' lang='lat' dir='ltr'><strong>suum</strong></span> <span class='ocrx_word' id='word_1_86' title='bbox 519 718 556 755; x_wconf 90' lang='lat' dir='ltr'><strong>in</strong></span> <span class='ocrx_word' id='word_1_87' title='bbox 584 718 783 770; x_wconf 85' lang='lat' dir='ltr'><strong>tripodem</strong></span> <span class='ocrx_word' id='word_1_88' title='bbox 812 720 1082 759; x_wconf 84' lang='lat' dir='ltr'><strong>demonstrare</strong></span> <span class='ocrx_word' id='word_1_89' title='bbox 1101 716 1340 771; x_wconf 67' lang='lat' dir='ltr'><strong>&#39;&#39;studebant,</strong></span> <span class='ocrx_word' id='word_1_90' title='bbox 1382 726 1579 775; x_wconf 84' lang='lat' dir='ltr'><strong>aptissima</strong></span> <span class='ocrx_word' id='word_1_91' title='bbox 1609 728 1804 765; x_wconf 84' lang='lat' dir='ltr'><strong>videatur.</strong></span> <span class='ocrx_word' id='word_1_92' title='bbox 1889 732 2186 770; x_wconf 85' lang='lat' dir='ltr'><strong>Contendebant</strong></span> <span class='ocrx_word' id='word_1_93' title='bbox 2214 734 2327 779; x_wconf 90' lang='lat' dir='ltr'><strong>enim,</strong></span> 
     </span>
     <span class='ocr_line' id='line_1_10' title="bbox 195 791 2327 854; baseline 0.008 -28"><span class='ocrx_word' id='word_1_94' title='bbox 195 804 238 827; x_wconf 92' lang='lat' dir='ltr'><strong>se</strong></span> <span class='ocrx_word' id='word_1_95' title='bbox 279 791 421 827; x_wconf 88' lang='lat' dir='ltr'><strong>emisse</strong></span> <span class='ocrx_word' id='word_1_96' title='bbox 458 794 629 841; x_wconf 79' lang='lat' dir='ltr'><strong>quicquid</strong></span> <span class='ocrx_word' id='word_1_97' title='bbox 663 801 860 839; x_wconf 76' lang='lat' dir='ltr'><strong>emergeret</strong></span> <span class='ocrx_word' id='word_1_98' title='bbox 900 802 934 830; x_wconf 74' lang='lat' dir='ltr'><strong>et</strong></span> <span class='ocrx_word' id='word_1_99' title='bbox 965 797 1134 844; x_wconf 79' lang='lat' dir='ltr'><strong>qm&#39;cquid</strong></span> <span class='ocrx_word' id='word_1_100' title='bbox 1166 800 1200 832; x_wconf 79' lang='lat' dir='ltr'><strong>in</strong></span> <span class='ocrx_word' id='word_1_101' title='bbox 1238 811 1368 834; x_wconf 81' lang='lat' dir='ltr'><strong>manus</strong></span> <span class='ocrx_word' id='word_1_102' title='bbox 1407 803 1555 835; x_wconf 75' lang='lat' dir='ltr'><strong>veniret.</strong></span> <span class='ocrx_word' id='word_1_103' title='bbox 1621 801 1684 837; x_wconf 89' lang='lat' dir='ltr'><strong>De</strong></span> <span class='ocrx_word' id='word_1_104' title='bbox 1721 801 2007 853; x_wconf 74' lang='lat' dir='ltr'><strong>significatione</strong></span> <span class='ocrx_word' id='word_1_105' title='bbox 2035 806 2227 854; x_wconf 85' lang='lat' dir='ltr'><strong>peculiari</strong></span> <span class='ocrx_word' id='word_1_106' title='bbox 2254 808 2327 845; x_wconf 85' lang='grc' dir='ltr'><em>τοῦ</em></span> 
     </span>
     <span class='ocr_line' id='line_1_11' title="bbox 191 860 1798 923; baseline 0.006 -24"><span class='ocrx_word' id='word_1_107' title='bbox 191 860 346 913; x_wconf 82' lang='grc' dir='ltr'><em>τύχοι</em></span> <span class='ocrx_word' id='word_1_108' title='bbox 375 862 522 901; x_wconf 82' lang='lat' dir='ltr'><strong>videsis</strong></span> <span class='ocrx_word' id='word_1_109' title='bbox 552 864 742 915; x_wconf 75' lang='lat' dir='ltr'><strong>Vigcruni</strong></span> <span class='ocrx_word' id='word_1_110' title='bbox 772 865 821 900; x_wconf 85' lang='lat' dir='ltr'><strong>de</strong></span> <span class='ocrx_word' id='word_1_111' title='bbox 851 865 959 902; x_wconf 83' lang='lat' dir='ltr'><strong>idiot.</strong></span> <span class='ocrx_word' id='word_1_112' title='bbox 991 866 1014 901; x_wconf 92' lang='lat' dir='ltr'><strong>l.</strong></span> <span class='ocrx_word' id='word_1_113' title='bbox 1045 866 1115 902; x_wconf 88' lang='lat' dir='ltr'><strong>Gr.</strong></span> <span class='ocrx_word' id='word_1_114' title='bbox 1146 869 1238 918; x_wconf 88' lang='lat' dir='ltr'><strong>Cap.</strong></span> <span class='ocrx_word' id='word_1_115' title='bbox 1270 870 1316 906; x_wconf 91' lang='lat' dir='ltr'><strong>V.</strong></span> <span class='ocrx_word' id='word_1_116' title='bbox 1349 870 1457 906; x_wconf 82' lang='lat' dir='ltr'><strong>Secr.</strong></span> <span class='ocrx_word' id='word_1_117' title='bbox 1485 871 1551 908; x_wconf 77' lang='lat' dir='ltr'><strong>XI.</strong></span> <span class='ocrx_word' id='word_1_118' title='bbox 1582 873 1615 923; x_wconf 84' lang='lat'><strong>§.</strong></span> <span class='ocrx_word' id='word_1_119' title='bbox 1646 873 1748 911; x_wconf 73' lang='lat' dir='ltr'><strong>XVI.</strong></span> <span class='ocrx_word' id='word_1_120' title='bbox 1793 885 1798 892; x_wconf 75' lang='lat'><strong>¹</strong></span> 
     </span>
    </p>
   </div>
   <div class='ocr_carea' id='block_1_5' title="bbox 187 1016 2323 1294">
    <p class='ocr_par' dir='ltr' id='par_1_5' title="bbox 187 1016 2323 1294">
     <span class='ocr_line' id='line_1_12' title="bbox 298 1016 2321 1083; baseline 0.007 -25"><span class='ocrx_word' id='word_1_121' title='bbox 298 1020 362 1058; x_wconf 90' lang='lat' dir='ltr'><strong>Ad</strong></span> <span class='ocrx_word' id='word_1_122' title='bbox 390 1035 426 1059; x_wconf 86' lang='lat' dir='ltr'><strong>v.</strong></span> <span class='ocrx_word' id='word_1_123' title='bbox 458 1032 519 1058; x_wconf 84' lang='lat'><strong>21.</strong></span> <span class='ocrx_word' id='word_1_124' title='bbox 606 1016 735 1068; x_wconf 74' lang='grc' dir='ltr'><em>’Ἑθος</em></span> <span class='ocrx_word' id='word_1_125' title='bbox 763 1019 834 1061; x_wconf 84' lang='grc' dir='ltr'><em>τὸν</em></span> <span class='ocrx_word' id='word_1_126' title='bbox 862 1023 918 1069; x_wconf 82' lang='grc' dir='ltr'><strong>εἰς</strong></span> <span class='ocrx_word' id='word_1_127' title='bbox 944 1020 1070 1070; x_wconf 81' lang='grc' dir='ltr'><em>θεούς</em></span> <span class='ocrx_word' id='word_1_128' title='bbox 1096 1020 1270 1064; x_wconf 79' lang='grc' dir='ltr'><em>ἀπιόντα</em></span> <span class='ocrx_word' id='word_1_129' title='bbox 1296 1028 1600 1077; x_wconf 79' lang='grc' dir='ltr'><em>στεφανοῦσθαι</em></span> <span class='ocrx_word' id='word_1_130' title='bbox 1628 1028 1694 1067; x_wconf 84' lang='grc' dir='ltr'><em>καὶ</em></span> <span class='ocrx_word' id='word_1_131' title='bbox 1723 1026 1955 1070; x_wconf 85' lang='grc' dir='ltr'><em>ἀνεύθυνον</em></span> <span class='ocrx_word' id='word_1_132' title='bbox 1983 1028 2104 1072; x_wconf 83' lang='grc' dir='ltr'><em>εἶναι.</em></span> <span class='ocrx_word' id='word_1_133' title='bbox 2146 1030 2248 1083; x_wconf 80' lang='grc' dir='ltr'><em>πρὸς</em></span> <span class='ocrx_word' id='word_1_134' title='bbox 2277 1030 2321 1072; x_wconf 83' lang='grc' dir='ltr'><em>τὸ</em></span> 
     </span>
     <span class='ocr_line' id='line_1_13' title="bbox 192 1087 2323 1154; baseline 0.002 -21"><span class='ocrx_word' id='word_1_135' title='bbox 192 1093 289 1140; x_wconf 78' lang='grc' dir='ltr'><em>ἔθος</em></span> <span class='ocrx_word' id='word_1_136' title='bbox 317 1087 395 1132; x_wconf 81' lang='grc' dir='ltr'><strong>οὖν</strong></span> <span class='ocrx_word' id='word_1_137' title='bbox 422 1090 758 1143; x_wconf 77' lang='grc' dir='ltr'><em>ἀνακομιζόμενοι</em></span> <span class='ocrx_word' id='word_1_138' title='bbox 785 1089 827 1133; x_wconf 74' lang='grc' dir='ltr'><strong>ἔκ</strong></span> <span class='ocrx_word' id='word_1_139' title='bbox 854 1098 928 1134; x_wconf 83' lang='grc' dir='ltr'><em>τοῦ</em></span> <span class='ocrx_word' id='word_1_140' title='bbox 953 1090 1145 1146; x_wconf 86' lang='grc' dir='ltr'><em>μαντείου</em></span> <span class='ocrx_word' id='word_1_141' title='bbox 1183 1096 1551 1149; x_wconf 72' lang='grc' dir='ltr'><em>ἐστεφανηφόρουν.</em></span> <span class='ocrx_word' id='word_1_142' title='bbox 1611 1095 1849 1151; x_wconf 83' lang='lat' dir='ltr'><strong>»Interpone</strong></span> <span class='ocrx_word' id='word_1_143' title='bbox 1880 1100 1980 1154; x_wconf 79' lang='grc' dir='ltr'><em>πρὸς</em></span> <span class='ocrx_word' id='word_1_144' title='bbox 2017 1101 2062 1142; x_wconf 84' lang='grc' dir='ltr'><em>τὸ</em></span> <span class='ocrx_word' id='word_1_145' title='bbox 2101 1102 2197 1149; x_wconf 78' lang='grc' dir='ltr'><em>ἔθος</em></span> <span class='ocrx_word' id='word_1_146' title='bbox 2235 1097 2323 1150; x_wconf 75' lang='grc' dir='ltr'><strong>οὖν,</strong></span> 
     </span>
     <span class='ocr_line' id='line_1_14' title="bbox 190 1164 2322 1223; baseline 0.002 -16"><span class='ocrx_word' id='word_1_147' title='bbox 190 1166 254 1207; x_wconf 78' lang='grc' dir='ltr'><strong>ὅτι</strong></span> <span class='ocrx_word' id='word_1_148' title='bbox 282 1164 619 1218; x_wconf 75' lang='grc' dir='ltr'><em>ἄνακομιζόμενοι</em></span> <span class='ocrx_word' id='word_1_149' title='bbox 654 1177 730 1205; x_wconf 86' lang='lat' dir='ltr'><strong>etc.</strong></span> <span class='ocrx_word' id='word_1_150' title='bbox 764 1172 833 1206; x_wconf 79' lang='grc' dir='ltr'><em>Ιιοσ</em></span> <span class='ocrx_word' id='word_1_151' title='bbox 869 1174 979 1216; x_wconf 73' lang='lat' dir='ltr'><strong>igitur</strong></span> <span class='ocrx_word' id='word_1_152' title='bbox 1018 1172 1073 1206; x_wconf 82' lang='lat' dir='ltr'><strong>ad</strong></span> <span class='ocrx_word' id='word_1_153' title='bbox 1106 1172 1201 1206; x_wconf 80' lang='lat' dir='ltr'><strong>illum</strong></span> <span class='ocrx_word' id='word_1_154' title='bbox 1221 1187 1224 1189; x_wconf 66' lang='grc'>’</span> <span class='ocrx_word' id='word_1_155' title='bbox 1241 1186 1376 1208; x_wconf 78' lang='lat' dir='ltr'><strong>morem</strong></span> <span class='ocrx_word' id='word_1_156' title='bbox 1413 1172 1639 1220; x_wconf 63' lang='lat' dir='ltr'><strong>referendum</strong></span> <span class='ocrx_word' id='word_1_157' title='bbox 1675 1183 1739 1215; x_wconf 80' lang='lat' dir='ltr'><strong>est,</strong></span> <span class='ocrx_word' id='word_1_158' title='bbox 1768 1179 1854 1223; x_wconf 82' lang='lat' dir='ltr'><strong>quia</strong></span> <span class='ocrx_word' id='word_1_159' title='bbox 1880 1178 2070 1214; x_wconf 71' lang='lat' dir='ltr'><strong>redeuntes</strong></span> <span class='ocrx_word' id='word_1_160' title='bbox 2098 1180 2144 1214; x_wconf 84' lang='lat' dir='ltr'><strong>ab</strong></span> <span class='ocrx_word' id='word_1_161' title='bbox 2173 1180 2322 1213; x_wconf 81' lang='lat' dir='ltr'><strong>oraculo</strong></span> 
     </span>
     <span class='ocr_line' id='line_1_15' title="bbox 187 1241 2321 1294; baseline 0.003 -15"><span class='ocrx_word' id='word_1_162' title='bbox 187 1255 347 1280; x_wconf 82' lang='lat' dir='ltr'><strong>coronas</strong></span> <span class='ocrx_word' id='word_1_163' title='bbox 374 1241 583 1289; x_wconf 53' lang='lat' dir='ltr'><strong>gerebant«</strong></span> <span class='ocrx_word' id='word_1_164' title='bbox 641 1241 863 1279; x_wconf 89' lang='lat' dir='ltr'><strong>Hemsterh.</strong></span> <span class='ocrx_word' id='word_1_165' title='bbox 936 1243 1025 1281; x_wconf 87' lang='lat' dir='ltr'><strong>Hoc</strong></span> <span class='ocrx_word' id='word_1_166' title='bbox 1052 1251 1212 1294; x_wconf 86' lang='lat' dir='ltr'><strong>praeter</strong></span> <span class='ocrx_word' id='word_1_167' title='bbox 1240 1244 1513 1282; x_wconf 83' lang='lat' dir='ltr'><strong>necessitatem</strong></span> <span class='ocrx_word' id='word_1_168' title='bbox 1542 1245 1652 1284; x_wconf 88' lang='lat' dir='ltr'><strong>iubet</strong></span> <span class='ocrx_word' id='word_1_169' title='bbox 1681 1246 1754 1286; x_wconf 89' lang='lat' dir='ltr'><strong>Vir</strong></span> <span class='ocrx_word' id='word_1_170' title='bbox 1783 1247 2043 1286; x_wconf 87' lang='lat' dir='ltr'><strong>acutissimus.</strong></span> <span class='ocrx_word' id='word_1_171' title='bbox 2126 1247 2231 1288; x_wconf 88' lang='lat' dir='ltr'><strong>Nihil</strong></span> <span class='ocrx_word' id='word_1_172' title='bbox 2263 1256 2321 1286; x_wconf 89' lang='lat' dir='ltr'><strong>est</strong></span> 
     </span>
    </p>
   </div>
   <div class='ocr_carea' id='block_1_6' title="bbox 188 1313 2144 1367">
    <p class='ocr_par' dir='ltr' id='par_1_6' title="bbox 188 1313 2144 1367">
     <span class='ocr_line' id='line_1_16' title="bbox 188 1313 2144 1367; baseline 0.003 -15"><span class='ocrx_word' id='word_1_173' title='bbox 188 1315 289 1352; x_wconf 87' lang='lat' dir='ltr'><strong>enim</strong></span> <span class='ocrx_word' id='word_1_174' title='bbox 316 1313 470 1365; x_wconf 84' lang='lat' dir='ltr'><strong>planius</strong></span> <span class='ocrx_word' id='word_1_175' title='bbox 498 1313 651 1363; x_wconf 81' lang='lat' dir='ltr'><strong>vulgata</strong></span> <span class='ocrx_word' id='word_1_176' title='bbox 680 1314 872 1351; x_wconf 87' lang='lat' dir='ltr'><strong>lectione:</strong></span> <span class='ocrx_word' id='word_1_177' title='bbox 913 1330 1011 1351; x_wconf 69' lang='lat' dir='ltr'><strong>more</strong></span> <span class='ocrx_word' id='word_1_178' title='bbox 1039 1317 1142 1352; x_wconf 83' lang='lat' dir='ltr'><strong>solito</strong></span> <span class='ocrx_word' id='word_1_179' title='bbox 1170 1320 1279 1363; x_wconf 69' lang='lat' dir='ltr'><strong>igitur</strong></span> <span class='ocrx_word' id='word_1_180' title='bbox 1306 1318 1495 1353; x_wconf 71' lang='lat' dir='ltr'><strong>redeuntes</strong></span> <span class='ocrx_word' id='word_1_181' title='bbox 1524 1320 1569 1354; x_wconf 86' lang='lat' dir='ltr'><strong>ab</strong></span> <span class='ocrx_word' id='word_1_182' title='bbox 1599 1321 1747 1356; x_wconf 77' lang='lat' dir='ltr'><strong>oraculo</strong></span> <span class='ocrx_word' id='word_1_183' title='bbox 1777 1333 1933 1357; x_wconf 80' lang='lat' dir='ltr'><strong>coronas</strong></span> <span class='ocrx_word' id='word_1_184' title='bbox 1959 1323 2144 1367; x_wconf 74' lang='lat' dir='ltr'><strong>gerebant.</strong></span> 
     </span>
    </p>
   </div>
   <div class='ocr_carea' id='block_1_7' title="bbox 173 1468 2318 2481">
    <p class='ocr_par' dir='ltr' id='par_1_7' title="bbox 173 1468 2318 2481">
     <span class='ocr_line' id='line_1_17' title="bbox 293 1468 2318 1529; baseline 0.004 -19"><span class='ocrx_word' id='word_1_185' title='bbox 293 1472 356 1510; x_wconf 81' lang='lat' dir='ltr'><strong>Ad</strong></span> <span class='ocrx_word' id='word_1_186' title='bbox 383 1485 420 1511; x_wconf 88' lang='lat' dir='ltr'><strong>v.</strong></span> <span class='ocrx_word' id='word_1_187' title='bbox 450 1474 510 1512; x_wconf 82' lang='lat'><strong>23.</strong></span> <span class='ocrx_word' id='word_1_188' title='bbox 598 1473 794 1524; x_wconf 81' lang='grc' dir='ltr'><em>Λῆρος,</em></span> <span class='ocrx_word' id='word_1_189' title='bbox 845 1468 905 1513; x_wconf 82' lang='grc' dir='ltr'><strong>οὐ</strong></span> <span class='ocrx_word' id='word_1_190' title='bbox 943 1470 1041 1524; x_wconf 81' lang='grc' dir='ltr'><strong>γὰρ</strong></span> <span class='ocrx_word' id='word_1_191' title='bbox 1081 1470 1380 1527; x_wconf 81' lang='grc' dir='ltr'><em>παύσομαι·</em></span> <span class='ocrx_word' id='word_1_192' title='bbox 1431 1476 1464 1516; x_wconf 86' lang='grc' dir='ltr'><strong>εἰ</strong></span> <span class='ocrx_word' id='word_1_193' title='bbox 1494 1475 1566 1528; x_wconf 80' lang='grc' dir='ltr'><strong>μὲν</strong></span> <span class='ocrx_word' id='word_1_194' title='bbox 1595 1475 1784 1529; x_wconf 74' lang='grc' dir='ltr'><em>ἐμφανῶς</em></span> <span class='ocrx_word' id='word_1_195' title='bbox 1812 1475 1856 1516; x_wconf 91' lang='grc' dir='ltr'>τό</span> <span class='ocrx_word' id='word_1_196' title='bbox 1883 1478 2006 1529; x_wconf 82' lang='grc' dir='ltr'><em>λῆρος</em></span> <span class='ocrx_word' id='word_1_197' title='bbox 2035 1474 2136 1529; x_wconf 80' lang='grc' dir='ltr'><em>πρὸς</em></span> <span class='ocrx_word' id='word_1_198' title='bbox 2163 1474 2233 1517; x_wconf 85' lang='grc' dir='ltr'><em>τὸν</em></span> <span class='ocrx_word' id='word_1_199' title='bbox 2260 1478 2318 1518; x_wconf 83' lang='grc' dir='ltr'><strong>δε-</strong></span> 
     </span>
     <span class='ocr_line' id='line_1_18' title="bbox 184 1541 2316 1600; baseline 0.001 -15"><span class='ocrx_word' id='word_1_200' title='bbox 184 1544 338 1596; x_wconf 85' lang='grc' dir='ltr'><em>σπότην</em></span> <span class='ocrx_word' id='word_1_201' title='bbox 355 1541 476 1593; x_wconf 85' lang='grc' dir='ltr'><em>εἶπεν,</em></span> <span class='ocrx_word' id='word_1_202' title='bbox 505 1542 594 1582; x_wconf 81' lang='grc' dir='ltr'><em>ἀντὶ</em></span> <span class='ocrx_word' id='word_1_203' title='bbox 614 1547 689 1582; x_wconf 85' lang='grc' dir='ltr'><em>τοῦ</em></span> <span class='ocrx_word' id='word_1_204' title='bbox 711 1547 991 1596; x_wconf 74' lang='grc' dir='ltr'><em>περιττολογία</em></span> <span class='ocrx_word' id='word_1_205' title='bbox 1006 1544 1185 1597; x_wconf 79' lang='grc' dir='ltr'><em>νοήσεις·</em></span> <span class='ocrx_word' id='word_1_206' title='bbox 1215 1549 1249 1586; x_wconf 85' lang='grc' dir='ltr'><strong>εἰ</strong></span> <span class='ocrx_word' id='word_1_207' title='bbox 1277 1548 1319 1587; x_wconf 79' lang='grc' dir='ltr'><strong>δὲ</strong></span> <span class='ocrx_word' id='word_1_208' title='bbox 1348 1547 1450 1587; x_wconf 85' lang='grc' dir='ltr'><em>καθ’</em></span> <span class='ocrx_word' id='word_1_209' title='bbox 1477 1546 1623 1588; x_wconf 80' lang='grc' dir='ltr'><em>ἑαυτὸν</em></span> <span class='ocrx_word' id='word_1_210' title='bbox 1649 1546 1733 1586; x_wconf 86' lang='grc' dir='ltr'><em>εἶπε</em></span> <span class='ocrx_word' id='word_1_211' title='bbox 1760 1547 1806 1587; x_wconf 88' lang='grc' dir='ltr'>τὸ</span> <span class='ocrx_word' id='word_1_212' title='bbox 1834 1551 1967 1599; x_wconf 81' lang='grc' dir='ltr'><em>λῆρος,</em></span> <span class='ocrx_word' id='word_1_213' title='bbox 1994 1547 2123 1600; x_wconf 78' lang='grc' dir='ltr'><em>ἤγουν</em></span> <span class='ocrx_word' id='word_1_214' title='bbox 2150 1547 2316 1599; x_wconf 81' lang='grc' dir='ltr'><em>ἡσύχως,</em></span> 
     </span>
     <span class='ocr_line' id='line_1_19' title="bbox 184 1603 2316 1675; baseline 0 -13"><span class='ocrx_word' id='word_1_215' title='bbox 184 1619 286 1662; x_wconf 71' lang='grc' dir='ltr'><em>ὥστε</em></span> <span class='ocrx_word' id='word_1_216' title='bbox 314 1617 368 1671; x_wconf 88' lang='grc' dir='ltr'><strong>μὴ</strong></span> <span class='ocrx_word' id='word_1_217' title='bbox 395 1615 652 1671; x_wconf 75' lang='grc' dir='ltr'><em>ἀκουσθῆναι</em></span> <span class='ocrx_word' id='word_1_218' title='bbox 679 1616 754 1669; x_wconf 87' lang='grc' dir='ltr'><em>(τὸ,</em></span> <span class='ocrx_word' id='word_1_219' title='bbox 784 1615 835 1659; x_wconf 81' lang='grc' dir='ltr'><strong>οὐ</strong></span> <span class='ocrx_word' id='word_1_220' title='bbox 862 1617 940 1671; x_wconf 75' lang='grc' dir='ltr'><strong>γὰρ</strong></span> <span class='ocrx_word' id='word_1_221' title='bbox 968 1617 1189 1672; x_wconf 85' lang='grc' dir='ltr'><em>παύσομαι,</em></span> <span class='ocrx_word' id='word_1_222' title='bbox 1224 1622 1322 1675; x_wconf 74' lang='grc' dir='ltr'><em>πρὶν</em></span> <span class='ocrx_word' id='word_1_223' title='bbox 1349 1603 1402 1663; x_wconf 73' lang='grc' dir='ltr'><strong>ἂν</strong></span> <span class='ocrx_word' id='word_1_224' title='bbox 1429 1620 1589 1675; x_wconf 75' lang='grc' dir='ltr'><em>φράσῃς</em></span> <span class='ocrx_word' id='word_1_225' title='bbox 1615 1638 1696 1674; x_wconf 85' lang='grc' dir='ltr'><em>μοι,</em></span> <span class='ocrx_word' id='word_1_226' title='bbox 1727 1623 1782 1669; x_wconf 77' lang='grc' dir='ltr'><strong>εἷς</strong></span> <span class='ocrx_word' id='word_1_227' title='bbox 1808 1619 1984 1674; x_wconf 76' lang='grc' dir='ltr'><em>ἐπήκοον</em></span> <span class='ocrx_word' id='word_1_228' title='bbox 2022 1619 2150 1667; x_wconf 79' lang='grc' dir='ltr'><em>αὐτοῦ</em></span> <span class='ocrx_word' id='word_1_229' title='bbox 2189 1620 2316 1672; x_wconf 80' lang='grc' dir='ltr'><em>εἶπεν)</em></span> 
     </span>
     <span class='ocr_line' id='line_1_20' title="bbox 182 1688 2313 1750; baseline -0 -14"><span class='ocrx_word' id='word_1_230' title='bbox 182 1692 228 1736; x_wconf 88' lang='grc' dir='ltr'><strong>τό</strong></span> <span class='ocrx_word' id='word_1_231' title='bbox 267 1693 311 1736; x_wconf 80' lang='grc' dir='ltr'><strong>δε</strong></span> <span class='ocrx_word' id='word_1_232' title='bbox 347 1694 472 1747; x_wconf 77' lang='grc' dir='ltr'><em>λῆρος</em></span> <span class='ocrx_word' id='word_1_233' title='bbox 507 1689 609 1733; x_wconf 80' lang='grc' dir='ltr'><em>καθ’</em></span> <span class='ocrx_word' id='word_1_234' title='bbox 639 1689 759 1733; x_wconf 78' lang='grc' dir='ltr'><em>ἑαυτὸ</em></span> <span class='ocrx_word' id='word_1_235' title='bbox 799 1688 931 1742; x_wconf 82' lang='grc' dir='ltr'><em>οὕτως</em></span> <span class='ocrx_word' id='word_1_236' title='bbox 969 1694 1086 1743; x_wconf 84' lang='grc' dir='ltr'><em>εἴποι,</em></span> <span class='ocrx_word' id='word_1_237' title='bbox 1127 1695 1250 1748; x_wconf 80' lang='grc' dir='ltr'><em>λῆρος</em></span> <span class='ocrx_word' id='word_1_238' title='bbox 1277 1694 1345 1736; x_wconf 79' lang='grc' dir='ltr'><em>καὶ</em></span> <span class='ocrx_word' id='word_1_239' title='bbox 1372 1692 1558 1750; x_wconf 80' lang='grc' dir='ltr'><em>φλύαρος</em></span> <span class='ocrx_word' id='word_1_240' title='bbox 1584 1691 1629 1746; x_wconf 84' lang='grc' dir='ltr'><strong>εἷ,</strong></span> <span class='ocrx_word' id='word_1_241' title='bbox 1658 1696 1784 1736; x_wconf 87' lang='grc' dir='ltr'><em>ταῦτα</em></span> <span class='ocrx_word' id='word_1_242' title='bbox 1811 1694 1950 1747; x_wconf 81' lang='grc' dir='ltr'><em>λέγων.</em></span> <span class='ocrx_word' id='word_1_243' title='bbox 2012 1695 2184 1736; x_wconf 88' lang='lat' dir='ltr'><strong>»Verbis</strong></span> <span class='ocrx_word' id='word_1_244' title='bbox 2213 1693 2313 1735; x_wconf 78' lang='grc' dir='ltr'><em>καθ’</em></span> 
     </span>
     <span class='ocr_line' id='line_1_21' title="bbox 180 1761 2313 1820; baseline -0.002 -11"><span class='ocrx_word' id='word_1_245' title='bbox 180 1766 326 1809; x_wconf 79' lang='grc' dir='ltr'><em>ἑαυτὸν</em></span> <span class='ocrx_word' id='word_1_246' title='bbox 353 1795 520 1806; x_wconf 90' lang='grc'><strong>.....</strong></span> <span class='ocrx_word' id='word_1_247' title='bbox 550 1764 806 1817; x_wconf 78' lang='grc' dir='ltr'><em>ἀκουσθῆναι</em></span> <span class='ocrx_word' id='word_1_248' title='bbox 840 1768 880 1803; x_wconf 87' lang='grc' dir='ltr'><strong>ἰη</strong></span> <span class='ocrx_word' id='word_1_249' title='bbox 915 1769 1016 1804; x_wconf 77' lang='lat' dir='ltr'><strong>Edd,</strong></span> <span class='ocrx_word' id='word_1_250' title='bbox 1050 1770 1097 1809; x_wconf 79' lang='lat' dir='ltr'><strong>A,</strong></span> <span class='ocrx_word' id='word_1_251' title='bbox 1129 1770 1175 1807; x_wconf 80' lang='grc' dir='ltr'><strong>Ρ.</strong></span> <span class='ocrx_word' id='word_1_252' title='bbox 1204 1776 1244 1805; x_wconf 87' lang='lat' dir='ltr'><strong>et</strong></span> <span class='ocrx_word' id='word_1_253' title='bbox 1271 1770 1316 1805; x_wconf 78' lang='lat' dir='ltr'><strong>R.</strong></span> <span class='ocrx_word' id='word_1_254' title='bbox 1345 1761 1520 1817; x_wconf 82' lang='lat' dir='ltr'><strong>omissis,</strong></span> <span class='ocrx_word' id='word_1_255' title='bbox 1563 1783 1700 1806; x_wconf 87' lang='lat' dir='ltr'><strong>sensus</strong></span> <span class='ocrx_word' id='word_1_256' title='bbox 1737 1777 1824 1806; x_wconf 83' lang='lat' dir='ltr'><strong>erat</strong></span> <span class='ocrx_word' id='word_1_257' title='bbox 1860 1770 2167 1806; x_wconf 83' lang='lat' dir='ltr'><strong>inextricabilis:</strong></span> <span class='ocrx_word' id='word_1_258' title='bbox 2212 1782 2313 1820; x_wconf 87' lang='lat' dir='ltr'><strong>quae</strong></span> 
     </span>
     <span class='ocr_line' id='line_1_22' title="bbox 178 1840 2313 1894; baseline -0.002 -13"><span class='ocrx_word' id='word_1_259' title='bbox 178 1841 367 1881; x_wconf 84' lang='lat' dir='ltr'><strong>revocavi</strong></span> <span class='ocrx_word' id='word_1_260' title='bbox 396 1854 444 1879; x_wconf 88' lang='lat' dir='ltr'><strong>ex</strong></span> <span class='ocrx_word' id='word_1_261' title='bbox 472 1840 534 1877; x_wconf 87' lang='lat' dir='ltr'><strong>Fl.</strong></span> <span class='ocrx_word' id='word_1_262' title='bbox 563 1848 603 1878; x_wconf 91' lang='lat' dir='ltr'><strong>et</strong></span> <span class='ocrx_word' id='word_1_263' title='bbox 630 1841 678 1877; x_wconf 91' lang='lat' dir='ltr'><strong>B.</strong></span> <span class='ocrx_word' id='word_1_264' title='bbox 733 1840 896 1878; x_wconf 82' lang='lat' dir='ltr'><strong>Aditum</strong></span> <span class='ocrx_word' id='word_1_265' title='bbox 930 1841 1090 1893; x_wconf 86' lang='lat' dir='ltr'><strong>quidem</strong></span> <span class='ocrx_word' id='word_1_266' title='bbox 1124 1842 1171 1880; x_wconf 88' lang='lat' dir='ltr'><strong>ad</strong></span> <span class='ocrx_word' id='word_1_267' title='bbox 1206 1842 1504 1892; x_wconf 82' lang='lat' dir='ltr'><strong>intelligendum</strong></span> <span class='ocrx_word' id='word_1_268' title='bbox 1533 1843 1715 1894; x_wconf 88' lang='lat' dir='ltr'><strong>aperiunt</strong></span> <span class='ocrx_word' id='word_1_269' title='bbox 1742 1841 1982 1886; x_wconf 81' lang='lat' dir='ltr'><strong>faciliorem,</strong></span> <span class='ocrx_word' id='word_1_270' title='bbox 2027 1855 2155 1893; x_wconf 88' lang='lat' dir='ltr'><strong>neque</strong></span> <span class='ocrx_word' id='word_1_271' title='bbox 2184 1850 2313 1878; x_wconf 79' lang='lat' dir='ltr'><strong>tamen</strong></span> 
     </span>
     <span class='ocr_line' id='line_1_23' title="bbox 177 1911 2312 1965; baseline -0.001 -12"><span class='ocrx_word' id='word_1_272' title='bbox 177 1916 325 1953; x_wconf 85' lang='lat' dir='ltr'><strong>nullam</strong></span> <span class='ocrx_word' id='word_1_273' title='bbox 354 1914 585 1965; x_wconf 89' lang='lat' dir='ltr'><strong>relinquunt</strong></span> <span class='ocrx_word' id='word_1_274' title='bbox 613 1912 907 1961; x_wconf 83' lang='lat' dir='ltr'><strong>difficultatem3</strong></span> <span class='ocrx_word' id='word_1_275' title='bbox 937 1927 1053 1965; x_wconf 78' lang='lat' dir='ltr'><strong>quam</strong></span> <span class='ocrx_word' id='word_1_276' title='bbox 1083 1923 1126 1951; x_wconf 89' lang='lat' dir='ltr'><strong>ut</strong></span> <span class='ocrx_word' id='word_1_277' title='bbox 1153 1928 1227 1965; x_wconf 88' lang='lat' dir='ltr'><strong>pro</strong></span> <span class='ocrx_word' id='word_1_278' title='bbox 1255 1915 1366 1952; x_wconf 77' lang='lat' dir='ltr'><strong>virili</strong></span> <span class='ocrx_word' id='word_1_279' title='bbox 1395 1916 1582 1962; x_wconf 87' lang='lat' dir='ltr'><strong>levarem,</strong></span> <span class='ocrx_word' id='word_1_280' title='bbox 1610 1915 1683 1952; x_wconf 82' lang='lat' dir='ltr'><strong>ista</strong></span> <span class='ocrx_word' id='word_1_281' title='bbox 1711 1912 1769 1963; x_wconf 82' lang='grc' dir='ltr'><em>τὸ,</em></span> <span class='ocrx_word' id='word_1_282' title='bbox 1798 1912 1848 1953; x_wconf 80' lang='grc' dir='ltr'><strong>οὐ</strong></span> <span class='ocrx_word' id='word_1_283' title='bbox 1877 1911 1966 1964; x_wconf 77' lang='grc' dir='ltr'><strong>γὰρ,</strong></span> <span class='ocrx_word' id='word_1_284' title='bbox 1997 1915 2063 1951; x_wconf 89' lang='lat' dir='ltr'><strong>vel</strong></span> <span class='ocrx_word' id='word_1_285' title='bbox 2099 1914 2230 1965; x_wconf 88' lang='lat' dir='ltr'><strong>potius</strong></span> <span class='ocrx_word' id='word_1_286' title='bbox 2268 1911 2312 1951; x_wconf 86' lang='grc' dir='ltr'><em>τὸ</em></span> 
     </span>
     <span class='ocr_line' id='line_1_24' title="bbox 174 1983 2312 2041; baseline -0.002 -11"><span class='ocrx_word' id='word_1_287' title='bbox 174 1986 265 2041; x_wconf 72' lang='grc' dir='ltr'><em>γὰρ,</em></span> <span class='ocrx_word' id='word_1_288' title='bbox 294 1985 346 2028; x_wconf 80' lang='grc' dir='ltr'><strong>οὐ</strong></span> <span class='ocrx_word' id='word_1_289' title='bbox 372 1984 449 2039; x_wconf 74' lang='grc' dir='ltr'><strong>γὰρ</strong></span> <span class='ocrx_word' id='word_1_290' title='bbox 477 1999 508 2026; x_wconf 82' lang='grc' dir='ltr'><em>π</em></span> <span class='ocrx_word' id='word_1_291' title='bbox 534 2017 542 2026; x_wconf 93' lang='grc'><strong>.</strong></span> <span class='ocrx_word' id='word_1_292' title='bbox 573 2017 581 2026; x_wconf 89' lang='grc'><strong>.</strong></span> <span class='ocrx_word' id='word_1_293' title='bbox 612 2018 620 2026; x_wconf 94' lang='grc'><strong>.</strong></span> <span class='ocrx_word' id='word_1_294' title='bbox 651 1983 761 2027; x_wconf 83' lang='grc' dir='ltr'><em>εἶπεν</em></span> <span class='ocrx_word' id='word_1_295' title='bbox 786 1987 1016 2038; x_wconf 87' lang='lat' dir='ltr'><strong>parenthesi</strong></span> <span class='ocrx_word' id='word_1_296' title='bbox 1046 1988 1243 2026; x_wconf 87' lang='lat' dir='ltr'><strong>conclusi:</strong></span> <span class='ocrx_word' id='word_1_297' title='bbox 1270 1987 1450 2040; x_wconf 83' lang='lat' dir='ltr'><strong>proxima</strong></span> <span class='ocrx_word' id='word_1_298' title='bbox 1474 2002 1593 2041; x_wconf 87' lang='lat' dir='ltr'><strong>quum</strong></span> <span class='ocrx_word' id='word_1_299' title='bbox 1621 1989 1674 2026; x_wconf 86' lang='lat' dir='ltr'><strong>ita</strong></span> <span class='ocrx_word' id='word_1_300' title='bbox 1703 1988 1988 2035; x_wconf 83' lang='lat' dir='ltr'><strong>scriberentur,</strong></span> <span class='ocrx_word' id='word_1_301' title='bbox 2037 1984 2083 2027; x_wconf 88' lang='grc' dir='ltr'>τό</span> <span class='ocrx_word' id='word_1_302' title='bbox 2121 1985 2163 2026; x_wconf 81' lang='grc' dir='ltr'><strong>δὲ</strong></span> <span class='ocrx_word' id='word_1_303' title='bbox 2190 1989 2312 2038; x_wconf 80' lang='grc' dir='ltr'><em>λῆρος</em></span> 
     </span>
     <span class='ocr_line' id='line_1_25' title="bbox 176 2057 2306 2113; baseline -0.002 -11"><span class='ocrx_word' id='word_1_304' title='bbox 176 2058 276 2103; x_wconf 76' lang='grc' dir='ltr'><em>καθ’</em></span> <span class='ocrx_word' id='word_1_305' title='bbox 307 2057 447 2109; x_wconf 76' lang='grc' dir='ltr'><em>ἑαυτό,</em></span> <span class='ocrx_word' id='word_1_306' title='bbox 491 2057 624 2106; x_wconf 77' lang='grc' dir='ltr'><em>οὕτως</em></span> <span class='ocrx_word' id='word_1_307' title='bbox 651 2060 797 2107; x_wconf 80' lang='grc' dir='ltr'><em>εἴποις,</em></span> <span class='ocrx_word' id='word_1_308' title='bbox 836 2061 1040 2110; x_wconf 84' lang='lat' dir='ltr'><strong>paululum</strong></span> <span class='ocrx_word' id='word_1_309' title='bbox 1068 2061 1295 2107; x_wconf 79' lang='lat' dir='ltr'><strong>reformavi,</strong></span> <span class='ocrx_word' id='word_1_310' title='bbox 1334 2074 1568 2113; x_wconf 86' lang='lat' dir='ltr'><strong>quamquam</strong></span> <span class='ocrx_word' id='word_1_311' title='bbox 1597 2069 1639 2098; x_wconf 87' lang='lat' dir='ltr'><strong>ct</strong></span> <span class='ocrx_word' id='word_1_312' title='bbox 1666 2060 1708 2100; x_wconf 77' lang='grc' dir='ltr'><strong>δὲ</strong></span> <span class='ocrx_word' id='word_1_313' title='bbox 1733 2061 1867 2112; x_wconf 85' lang='lat' dir='ltr'><strong>potius</strong></span> <span class='ocrx_word' id='word_1_314' title='bbox 1904 2060 2137 2097; x_wconf 87' lang='lat' dir='ltr'><strong>mutaverim</strong></span> <span class='ocrx_word' id='word_1_315' title='bbox 2176 2061 2213 2095; x_wconf 93' lang='lat' dir='ltr'><strong>in</strong></span> <span class='ocrx_word' id='word_1_316' title='bbox 2246 2057 2306 2109; x_wconf 81' lang='grc' dir='ltr'><strong>δή,</strong></span> 
     </span>
     <span class='ocr_line' id='line_1_26' title="bbox 175 2133 2309 2189; baseline -0.002 -15"><span class='ocrx_word' id='word_1_317' title='bbox 175 2137 410 2189; x_wconf 87' lang='lat' dir='ltr'><strong>particulam</strong></span> <span class='ocrx_word' id='word_1_318' title='bbox 451 2135 643 2182; x_wconf 88' lang='lat' dir='ltr'><strong>orationi,</strong></span> <span class='ocrx_word' id='word_1_319' title='bbox 694 2148 795 2186; x_wconf 88' lang='lat' dir='ltr'><strong>quae</strong></span> <span class='ocrx_word' id='word_1_320' title='bbox 834 2134 964 2172; x_wconf 81' lang='lat' dir='ltr'><strong>fuerat</strong></span> <span class='ocrx_word' id='word_1_321' title='bbox 1000 2136 1232 2181; x_wconf 85' lang='lat' dir='ltr'><strong>intermissa,</strong></span> <span class='ocrx_word' id='word_1_322' title='bbox 1269 2135 1512 2186; x_wconf 87' lang='lat' dir='ltr'><strong>repetendae</strong></span> <span class='ocrx_word' id='word_1_323' title='bbox 1540 2136 1719 2173; x_wconf 81' lang='lat' dir='ltr'><strong>dicatam.</strong></span> <span class='ocrx_word' id='word_1_324' title='bbox 1775 2137 1893 2183; x_wconf 10' lang='lat' dir='ltr'><strong>Haec?</strong></span> <span class='ocrx_word' id='word_1_325' title='bbox 1914 2134 2002 2172; x_wconf 80' lang='lat' dir='ltr'><strong>fere</strong></span> <span class='ocrx_word' id='word_1_326' title='bbox 2032 2134 2155 2171; x_wconf 88' lang='lat' dir='ltr'><strong>nostri</strong></span> <span class='ocrx_word' id='word_1_327' title='bbox 2186 2133 2309 2171; x_wconf 86' lang='lat' dir='ltr'><strong>Scho-</strong></span> 
     </span>
     <span class='ocr_line' id='line_1_27' title="bbox 175 2207 2313 2260; baseline -0.003 -11"><span class='ocrx_word' id='word_1_328' title='bbox 175 2211 314 2250; x_wconf 86' lang='lat' dir='ltr'><strong>liastae</strong></span> <span class='ocrx_word' id='word_1_329' title='bbox 344 2208 421 2247; x_wconf 82' lang='lat' dir='ltr'><strong>fuit</strong></span> <span class='ocrx_word' id='word_1_330' title='bbox 451 2222 579 2248; x_wconf 83' lang='lat' dir='ltr'><strong>mens:</strong></span> <span class='ocrx_word' id='word_1_331' title='bbox 625 2212 658 2246; x_wconf 81' lang='lat' dir='ltr'><strong>si</strong></span> <span class='ocrx_word' id='word_1_332' title='bbox 692 2216 818 2260; x_wconf 77' lang='lat' dir='ltr'><strong>aperte</strong></span> <span class='ocrx_word' id='word_1_333' title='bbox 853 2209 976 2260; x_wconf 78' lang='grc' dir='ltr'><em>λῆρος</em></span> <span class='ocrx_word' id='word_1_334' title='bbox 1004 2209 1058 2246; x_wconf 85' lang='lat' dir='ltr'><strong>ad</strong></span> <span class='ocrx_word' id='word_1_335' title='bbox 1083 2210 1206 2246; x_wconf 71' lang='lat' dir='ltr'><strong>herum</strong></span> <span class='ocrx_word' id='word_1_336' title='bbox 1244 2209 1378 2246; x_wconf 73' lang='lat' dir='ltr'><strong>dixerit</strong></span> <span class='ocrx_word' id='word_1_337' title='bbox 1404 2209 1561 2253; x_wconf 87' lang='lat' dir='ltr'><strong>Carion,</strong></span> <span class='ocrx_word' id='word_1_338' title='bbox 1605 2210 1787 2257; x_wconf 75' lang='lat' dir='ltr'><strong>intelliges,</strong></span> <span class='ocrx_word' id='word_1_339' title='bbox 1811 2208 1962 2258; x_wconf 79' lang='lat' dir='ltr'><strong>frustra</strong></span> <span class='ocrx_word' id='word_1_340' title='bbox 1998 2210 2161 2244; x_wconf 79' lang='lat' dir='ltr'><strong>minitare</strong></span> <span class='ocrx_word' id='word_1_341' title='bbox 2171 2222 2183 2248; x_wconf 91' lang='lat'><strong>‚·</strong></span> <span class='ocrx_word' id='word_1_342' title='bbox 2227 2207 2313 2242; x_wconf 78' lang='lat' dir='ltr'><strong>nihi!</strong></span> 
     </span>
     <span class='ocr_line' id='line_1_28' title="bbox 175 2281 2308 2331; baseline -0.003 -9"><span class='ocrx_word' id='word_1_343' title='bbox 175 2289 277 2330; x_wconf 75' lang='lat' dir='ltr'><strong>ag1&#39;s,·</strong></span> <span class='ocrx_word' id='word_1_344' title='bbox 322 2287 398 2320; x_wconf 86' lang='lat' dir='ltr'><strong>istis</strong></span> <span class='ocrx_word' id='word_1_345' title='bbox 435 2286 525 2319; x_wconf 80' lang='lat' dir='ltr'><strong>enim</strong></span> <span class='ocrx_word' id='word_1_346' title='bbox 561 2287 632 2319; x_wconf 82' lang='lat' dir='ltr'><strong>tuis</strong></span> <span class='ocrx_word' id='word_1_347' title='bbox 667 2283 771 2319; x_wconf 76' lang='lat' dir='ltr'><strong>dictis</strong></span> <span class='ocrx_word' id='word_1_348' title='bbox 807 2296 879 2318; x_wconf 83' lang='lat' dir='ltr'><strong>non</strong></span> <span class='ocrx_word' id='word_1_349' title='bbox 915 2284 1162 2324; x_wconf 75' lang='lat' dir='ltr'><strong>obstet-rebor,</strong></span> <span class='ocrx_word' id='word_1_350' title='bbox 1204 2296 1274 2331; x_wconf 83' lang='lat' dir='ltr'><strong>quo</strong></span> <span class='ocrx_word' id='word_1_351' title='bbox 1309 2285 1424 2318; x_wconf 84' lang='lat' dir='ltr'><strong>minus</strong></span> <span class='ocrx_word' id='word_1_352' title='bbox 1451 2284 1666 2331; x_wconf 76' lang='lat' dir='ltr'><strong>interpellem</strong></span> <span class='ocrx_word' id='word_1_353' title='bbox 1693 2290 1749 2319; x_wconf 85' lang='lat' dir='ltr'><strong>te:</strong></span> <span class='ocrx_word' id='word_1_354' title='bbox 1786 2286 1841 2318; x_wconf 79' lang='lat' dir='ltr'><strong>sin</strong></span> <span class='ocrx_word' id='word_1_355' title='bbox 1869 2295 1957 2317; x_wconf 76' lang='lat' dir='ltr'><strong>vero</strong></span> <span class='ocrx_word' id='word_1_356' title='bbox 1986 2281 2089 2330; x_wconf 84' lang='lat' dir='ltr'><strong>apud</strong></span> <span class='ocrx_word' id='word_1_357' title='bbox 2112 2294 2149 2315; x_wconf 74' lang='lat' dir='ltr'><strong>sc</strong></span> <span class='ocrx_word' id='word_1_358' title='bbox 2177 2281 2308 2316; x_wconf 75' lang='lat' dir='ltr'><strong>dixerit</strong></span> 
     </span>
     <span class='ocr_line' id='line_1_29' title="bbox 173 2352 2306 2409; baseline -0.003 -16"><span class='ocrx_word' id='word_1_359' title='bbox 173 2360 308 2409; x_wconf 76' lang='grc' dir='ltr'><em>λῆρος,</em></span> <span class='ocrx_word' id='word_1_360' title='bbox 337 2360 412 2393; x_wconf 76' lang='lat' dir='ltr'><strong>sive</strong></span> <span class='ocrx_word' id='word_1_361' title='bbox 439 2359 570 2398; x_wconf 81' lang='lat' dir='ltr'><strong>tacite,</strong></span> <span class='ocrx_word' id='word_1_362' title='bbox 609 2365 648 2393; x_wconf 90' lang='lat' dir='ltr'><strong>ut</strong></span> <span class='ocrx_word' id='word_1_363' title='bbox 675 2369 747 2394; x_wconf 87' lang='lat' dir='ltr'><strong>non</strong></span> <span class='ocrx_word' id='word_1_364' title='bbox 776 2356 963 2397; x_wconf 82' lang='lat' dir='ltr'><strong>audiatur,</strong></span> <span class='ocrx_word' id='word_1_365' title='bbox 1001 2357 1106 2402; x_wconf 85' lang='lat' dir='ltr'><strong>(nam</strong></span> <span class='ocrx_word' id='word_1_366' title='bbox 1132 2357 1231 2392; x_wconf 81' lang='lat' dir='ltr'><strong>istud</strong></span> <span class='ocrx_word' id='word_1_367' title='bbox 1257 2352 1307 2394; x_wconf 79' lang='grc' dir='ltr'><strong>οὕ</strong></span> <span class='ocrx_word' id='word_1_368' title='bbox 1335 2352 1412 2405; x_wconf 74' lang='grc' dir='ltr'><strong>γὰρ</strong></span> <span class='ocrx_word' id='word_1_369' title='bbox 1443 2367 1473 2393; x_wconf 83' lang='grc' dir='ltr'><em>π</em></span> <span class='ocrx_word' id='word_1_370' title='bbox 1502 2384 1509 2393; x_wconf 91' lang='grc'><strong>.</strong></span> <span class='ocrx_word' id='word_1_371' title='bbox 1540 2384 1548 2392; x_wconf 93' lang='grc'><strong>.</strong></span> <span class='ocrx_word' id='word_1_372' title='bbox 1578 2385 1586 2392; x_wconf 94' lang='grc'><strong>.</strong></span> <span class='ocrx_word' id='word_1_373' title='bbox 1615 2356 1719 2395; x_wconf 86' lang='lat' dir='ltr'><strong>clara</strong></span> <span class='ocrx_word' id='word_1_374' title='bbox 1745 2368 1834 2391; x_wconf 71' lang='lat' dir='ltr'><strong>voce</strong></span> <span class='ocrx_word' id='word_1_375' title='bbox 1858 2355 2031 2403; x_wconf 82' lang='lat' dir='ltr'><strong>protulit,</strong></span> <span class='ocrx_word' id='word_1_376' title='bbox 2082 2359 2120 2394; x_wconf 77' lang='lat' dir='ltr'><strong>ut</strong></span> <span class='ocrx_word' id='word_1_377' title='bbox 2147 2354 2192 2394; x_wconf 75' lang='lat' dir='ltr'><strong>ab</strong></span> <span class='ocrx_word' id='word_1_378' title='bbox 2220 2353 2306 2387; x_wconf 79' lang='lat' dir='ltr'><strong>hero</strong></span> 
     </span>
     <span class='ocr_line' id='line_1_30' title="bbox 173 2426 2303 2481; baseline -0.005 -11"><span class='ocrx_word' id='word_1_379' title='bbox 173 2433 428 2480; x_wconf 59' lang='lat' dir='ltr'><strong>exaudiretur)</strong></span> <span class='ocrx_word' id='word_1_380' title='bbox 471 2437 569 2472; x_wconf 88' lang='lat' dir='ltr'><strong>tum,</strong></span> <span class='ocrx_word' id='word_1_381' title='bbox 612 2434 778 2481; x_wconf 79' lang='lat' dir='ltr'><strong>inquam,</strong></span> <span class='ocrx_word' id='word_1_382' title='bbox 822 2431 945 2480; x_wconf 78' lang='grc' dir='ltr'><em>λῆρος</em></span> <span class='ocrx_word' id='word_1_383' title='bbox 980 2444 1047 2479; x_wconf 81' lang='lat' dir='ltr'><strong>per</strong></span> <span class='ocrx_word' id='word_1_384' title='bbox 1082 2444 1119 2466; x_wconf 82' lang='lat' dir='ltr'><strong>se</strong></span> <span class='ocrx_word' id='word_1_385' title='bbox 1156 2430 1395 2479; x_wconf 50' lang='lat' dir='ltr'><strong>significaret,</strong></span> <span class='ocrx_word' id='word_1_386' title='bbox 1444 2444 1569 2476; x_wconf 69' lang='lat' dir='ltr'><strong>nugax</strong></span> <span class='ocrx_word' id='word_1_387' title='bbox 1607 2443 1643 2466; x_wconf 83' lang='lat' dir='ltr'><strong>es</strong></span> <span class='ocrx_word' id='word_1_388' title='bbox 1678 2437 1713 2465; x_wconf 82' lang='lat' dir='ltr'><strong>et</strong></span> <span class='ocrx_word' id='word_1_389' title='bbox 1748 2431 1933 2475; x_wconf 77' lang='lat' dir='ltr'><strong>garritor,</strong></span> <span class='ocrx_word' id='word_1_390' title='bbox 1982 2431 2041 2477; x_wconf 86' lang='lat' dir='ltr'><strong>qui</strong></span> <span class='ocrx_word' id='word_1_391' title='bbox 2067 2430 2137 2462; x_wconf 77' lang='lat' dir='ltr'><strong>ista</strong></span> <span class='ocrx_word' id='word_1_392' title='bbox 2166 2426 2303 2461; x_wconf 80' lang='lat' dir='ltr'><strong>di‹·as.«</strong></span> 
     </span>
    </p>
   </div>
   <div class='ocr_carea' id='block_1_8' title="bbox 171 2503 400 2542">
    <p class='ocr_par' dir='ltr' id='par_1_8' title="bbox 171 2503 400 2542">
     <span class='ocr_line' id='line_1_31' title="bbox 171 2503 400 2542; baseline 0.004 -1"><span class='ocrx_word' id='word_1_393' title='bbox 171 2503 400 2542; x_wconf 83' lang='lat' dir='ltr'><strong>Hemsterh.</strong></span> 
     </span>
    </p>
   </div>
   <div class='ocr_carea' id='block_1_9' title="bbox 169 2593 2304 2734">
    <p class='ocr_par' dir='ltr' id='par_1_9' title="bbox 169 2593 2304 2734">
     <span class='ocr_line' id='line_1_32' title="bbox 278 2593 2304 2661; baseline -0.005 -12"><span class='ocrx_word' id='word_1_394' title='bbox 278 2610 395 2657; x_wconf 85' lang='lat' dir='ltr'><strong>Vide,</strong></span> <span class='ocrx_word' id='word_1_395' title='bbox 436 2622 551 2661; x_wconf 87' lang='lat' dir='ltr'><strong>quam</strong></span> <span class='ocrx_word' id='word_1_396' title='bbox 591 2608 744 2648; x_wconf 77' lang='lat' dir='ltr'><strong>artifice</strong></span> <span class='ocrx_word' id='word_1_397' title='bbox 784 2593 1036 2649; x_wconf 70' lang='lat' dir='ltr'><strong>Graminatici</strong></span> <span class='ocrx_word' id='word_1_398' title='bbox 1083 2610 1312 2647; x_wconf 82' lang='lat' dir='ltr'><strong>sententiam</strong></span> <span class='ocrx_word' id='word_1_399' title='bbox 1358 2609 1633 2647; x_wconf 79' lang='lat' dir='ltr'><strong>obscuraverit</strong></span> <span class='ocrx_word' id='word_1_400' title='bbox 1661 2606 2010 2652; x_wconf 76' lang='lat' dir='ltr'><strong>Hemsterhusius,</strong></span> <span class='ocrx_word' id='word_1_401' title='bbox 2059 2617 2176 2655; x_wconf 87' lang='lat' dir='ltr'><strong>quum</strong></span> <span class='ocrx_word' id='word_1_402' title='bbox 2218 2615 2304 2639; x_wconf 87' lang='lat' dir='ltr'><strong>eam</strong></span> 
     </span>
     <span class='ocr_line' id='line_1_33' title="bbox 169 2675 2301 2734; baseline -0.001 -13"><span class='ocrx_word' id='word_1_403' title='bbox 169 2684 371 2721; x_wconf 87' lang='lat' dir='ltr'><strong>illustrare</strong></span> <span class='ocrx_word' id='word_1_404' title='bbox 416 2681 658 2733; x_wconf 88' lang='lat' dir='ltr'><strong>opinaretur.</strong></span> <span class='ocrx_word' id='word_1_405' title='bbox 735 2683 899 2720; x_wconf 88' lang='lat' dir='ltr'><strong>Scilicet</strong></span> <span class='ocrx_word' id='word_1_406' title='bbox 936 2684 1037 2720; x_wconf 84' lang='lat' dir='ltr'><strong>mala</strong></span> <span class='ocrx_word' id='word_1_407' title='bbox 1073 2682 1390 2734; x_wconf 84' lang='lat' dir='ltr'><strong>interpunctione</strong></span> <span class='ocrx_word' id='word_1_408' title='bbox 1430 2682 1646 2732; x_wconf 79' lang='lat' dir='ltr'><strong>deceptus,</strong></span> <span class='ocrx_word' id='word_1_409' title='bbox 1693 2694 1778 2718; x_wconf 86' lang='lat' dir='ltr'><strong>eam</strong></span> <span class='ocrx_word' id='word_1_410' title='bbox 1814 2679 1992 2729; x_wconf 69' lang='lat' dir='ltr'><strong>pejorem</strong></span> <span class='ocrx_word' id='word_1_411' title='bbox 2030 2679 2151 2713; x_wconf 78' lang='lat' dir='ltr'><strong>etiam</strong></span> <span class='ocrx_word' id='word_1_412' title='bbox 2184 2675 2301 2718; x_wconf 68' lang='lat' dir='ltr'><strong>fecit-3</strong></span> 
     </span>
    </p>
   </div>
  </div>
 </body>
</html>
