2510 2979
1137 54 1456 96 „19—

234 197 351 243 atque
387 189 430 227 iii
471 198 520 226 eo
555 187 732 226 maxime·
758 186 928 234 erravit,
975 184 1080 237 quod
1118 183 1310 235 epodosin
1349 197 1435 222 esse
1474 183 1660 221 crederet
1696 181 1751 223 τὸ
1780 182 1831 224 δὲ
1859 184 2022 235 λῆρος
2048 180 2170 222 καθ’
2201 181 2357 223 ἑαυτό

232 279 267 303 κ.
296 264 404 312 aa„
445 273 545 314 quae
582 266 710 297 tamen
747 261 832 297 sin'e
859 258 942 295 ulla
975 258 1251 296 controversia
1282 257 1418 308 incipit
1445 270 1533 294 cum
1560 256 1696 293 verbis
1727 254 1802 304 τὸ,
1847 254 1907 296 οὐ
1944 254 2041 307 γὰρ
2079 255 2355 309 παύσομαι

234 345 352 388 atque
378 335 645 386 finem-habet
671 331 717 373 τό
746 330 907 372 εἶπεν.
978 333 1120 382 Neque
1149 331 1225 368 sibi
1252 331 1337 380 ipse
1366 333 1405 368 in
1436 331 1763 380 interpretatione
1806 344 1873 367 sua
1909 330 2146 368 satisfecisse
2182 333 2356 380 videtur,

235 422 356 461 quum
383 408 565 453 fateatur,
592 404 913 444 coniunctionem
940 402 983 443 δὲ
1009 414 1086 441 non
1114 402 1207 441 satis
1235 403 1368 442 valere
1397 404 1444 440 ad
1485 403 1672 453 apodosin
1708 403 1976 450 indicandam,
2020 402 2195 456 ideoque
2222 406 2357 456 potius

234 484 274 519 in
314 478 363 533 δὴ
399 478 621 517 mutandam
659 490 767 516 esse:
819 476 891 514 ubi
919 476 1067 523 miror,
1115 488 1206 513 eum
1241 488 1314 527 pro
1352 472 1397 515 τὸ
1427 474 1470 516 δὲ
1498 488 1574 514 non
1602 472 1689 515 τότε
1715 475 1946 514 coniecisse.
2028 476 2212 530 Denique
2241 480 2279 515 in
2307 492 2354 518 eo

233 557 397 600 haereo,
422 553 527 603 quod
556 552 672 588 dicit:
702 555 782 587 »sin
807 564 896 588 vero
925 551 1029 599 apud
1052 563 1089 585 se
1117 550 1248 586 dixerit
1275 551 1395 599 λῆρος
1431 573 1485 581 -·
1520 558 1595 586 lum
1633 551 1756 599 λῆρος
1791 564 1857 598 per
1892 564 1930 585 se
1957 551 2190 599 signficaret,
2231 567 2356 599 nugas,⁴

220 624 270 664 ‘es
297 609 399 664 eto-a
482 622 608 681 Quasi
645 624 719 661 τοῦ
755 623 919 673 λῆρος
943 636 1009 671 per
1035 635 1073 659 se
1108 618 1341 672 significatio
1379 623 1594 672 permutari
1630 621 1774 672 possit!
1856 623 2005 662 Verum
2033 630 2078 659 ut
2105 623 2207 662 absit
2233 628 2357 664 omnis

234 698 441 753 dubitatio,
468 704 594 734 totum
619 696 751 733 locum
779 708 828 733 ex
854 708 941 732 mea
968 694 1164 733 sententia
1191 695 1246 731 sic
1275 703 1437 746 repeto:
1488 695 1541 733 Εἰ
1577 693 1649 745 μὲν
1687 693 1874 745 ἐμφανῶς
1900 694 1945 734 τὸ
1971 698 2133 747 λῆρος
2160 698 2261 749 πρὸς
2288 701 2359 742 τὸν

235 767 434 821 δεσπότην
471 765 591 817 εἶπεν,
630 765 719 808 ἀντὶ
754 769 830 807 τοῦ
868 766 1258 819 περιττολογία
1294 765 1473 818 νοήσεις·
1524 768 1558 806 εἰ
1594 766 1636 806 δὲ
1672 765 1773 806 καθ’
1812 766 1956 808 ἑαυτὸν
1991 767 2075 809 εἶπε
2113 769 2158 810 τὸ
2185 776 2356 825 λῆρος,

234 840 362 893 ἤγουν
398 838 576 893 ἡσύχως,
617 837 717 879 ὥστε
744 836 797 891 μὴ
825 836 1102 890 ἀκουσθῆναι,
1142 836 1187 877 τὸ
1213 835 1274 877 οὐ
1299 837 1396 890 γὰρ
1425 826 1722 890 παύσομαι,
1770 840 1897 891 πρὶν
1934 840 1996 882 ἄν
2023 842 2231 898 φράσῃς
2257 863 2359 899 μοι,

235 917 290 961 εἰς
328 912 503 964 ἐπήκοον
541 911 670 954 αὐτοῦ
707 910 839 952 εἶπεν.
890 911 935 952 τὸ
974 912 1016 952 δὲ
1050 914 1213 962 λῆρος
1250 909 1350 951 καθ’
1389 911 1508 951 ἑαυτό
1546 909 1655 951 οὕτω
1684 914 1821 960 εἴποις,
1860 917 1982 965 λῆρος
2010 916 2076 956 καὶ
2102 918 2286 970 φλύαρος
2315 923 2358 972 εἴ,

235 988 359 1027 ταῦτα
386 984 523 1038 λέγων,
591 986 633 1023 Si
667 993 791 1036 aperte
827 986 881 1023 ad
911 986 1035 1022 hez-um
1072 984 1204 1021 ‹laxet-it
1239 985 1381 1036 λῆρος,
1417 985 1598 1033 intelliges,
1626 989 1775 1033 nugaris
1784 1002 1795 1027 ,·
1841 991 1895 1024 sin
1923 1002 2008 1032 νειό
2038 991 2141 1040 apud
2164 1008 2201 1031 se
2228 996 2360 1036 ciltena

235 1062 367 1112 λῆρος,
407 1061 432 1094 i.
470 1072 504 1095 e.
541 1063 669 1099 tacite,
716 1066 755 1093 ut
794 1072 864 1094 non
902 1059 1098 1104 audiatur,
1145 1065 1219 1093 tum
1257 1059 1368 1094 verba
1406 1054 1455 1095 οὗ
1491 1055 1567 1107 γὰρ
1597 1071 1646 1096 π.
1690 1060 1793 1095 clara
1820 1073 1908 1097 voce
1932 1065 2094 1110 protulit,
2136 1074 2174 1102 ut
2199 1071 2244 1104 ab
2272 1071 2358 1107 hap-0

236 1133 496 1171 exaudirentur
509 1148 521 1174 ,·
569 1133 691 1181 λῆρος
716 1146 781 1180 ρει·
807 1145 844 1168 se
867 1145 954 1169 vero
981 1133 1030 1168 sic
1058 1131 1241 1178 intelliges,
1270 1145 1395 1178 nugax
1421 1140 1456 1168 et
1482 1133 1652 1178 garrulus
1680 1147 1728 1176 es,
1755 1138 1816 1183 qui
1841 1137 1911 1172 ista
1938 1138 2049 1174 dicas.

345 1280 477 1315 Schol.
507 1280 555 1314 ad
582 1292 618 1315 v.
648 1282 710 1324 57.
796 1278 879 1316 Καὶ
904 1276 982 1327 γὰρ
1010 1274 1034 1327 ἡ
1062 1279 1201 1322 πεῦσις
1227 1273 1314 1315 ἅνω
1343 1275 1585 1328 ἀπειλητική.
1661 1277 1784 1317 »”Ανω
1813 1294 1998 1331 quorsum
2027 1286 2242 1337 pertineat,
2284 1305 2358 1331 non

237 1353 371 1402 capio:
401 1351 615 1402 legendum
643 1359 715 1396 est,
744 1350 818 1387 nisi
844 1349 973 1396 fallor,
1001 1346 1139 1398 ἄγαν.«
1195 1349 1418 1386 Hemsterh.
1476 1350 1528 1386 At
1555 1352 1704 1388 falleris
1734 1355 1913 1404 egregie.
1969 1358 2166 1397 Videlicet
2194 1367 2360 1415 respicit

238 1424 454 1461 Scholiasta
483 1422 533 1464 ad
558 1436 696 1460 versus
732 1426 775 1462 18
803 1444 853 1451 —
883 1434 945 1470 20,
982 1421 1052 1459 ubi
1080 1420 1200 1458 simili
1228 1421 1348 1458 modo
1378 1422 1519 1460 Carion
1546 1424 1713 1462 minatur
1741 1425 1967 1478 Chremylo,
2016 1445 2057 1468 se
2086 1435 2292 1476 molestum
2321 1442 2359 1478 ei

237 1497 411 1533 futurum
441 1510 541 1541 esse,
570 1498 644 1533 nisi
673 1497 935 1546 interroganti
963 1496 1038 1532 sibi
1066 1494 1295 1532 satisfacere
1324 1497 1434 1533 velit.

344 1653 474 1689 Schol.
505 1646 618 1689 ad'v.
646 1654 708 1691 63.
764 1650 836 1703 τὴν
862 1653 1054 1703 μαντείαν
1091 1654 1164 1692 τοῦ
1191 1649 1446 1701 ’Λπόλλωνος
1474 1651 1591 1706 ὄρνιν
1619 1655 1743 1708 λέγει,
1792 1657 2002 1714 ἐπειδήπερ
2044 1665 2082 1704 οἱ
2121 1670 2284 1710 παλαιοὶ
2312 1670 2362 1713 οὐ

240 1723 369 1774 μόνον
397 1724 464 1764 διὰ
490 1728 572 1764 τῶν
600 1723 796 1772 ἄλλων,
825 1724 926 1764 αλλὰ
953 1726 1020 1764 καὶ
1049 1723 1097 1765 δι’
1125 1725 1309 1777 ὀρνίθων
1336 1727 1612 1777 ἐμαντεύοντο.
1639 1754 1689 1758 —

345 1831 420 1868 Vix
449 1830 542 1867 mihi
572 1831 794 1880 persuadeo
820 1831 1164 1868 Hemsterhusium
1192 1845 1273 1869 non*
1303 1832 1515 1870 offendisse
1542 1835 1651 1872 istud
1681 1835 1827 1886 ἄλλων,
1870 1845 2087 1881 certissime
2117 1859 2358 1899 corruptum.

237 1902 368 1951 Atque
398 1902 494 1952 quid
522 1902 590 1939 sit:
639 1904 927 1952 quandoquidem
955 1911 1093 1940 veteres
1118 1918 1189 1940 non
1222 1905 1337 1940 solum
1365 1919 1411 1941 ex
1452 1908 1614 1956 reliquis,
1653 1912 1849 1947 sedetiam
1877 1920 2030 1961 augurio
2058 1923 2361 1967 vaticinabantur,

237 1978 431 2012 neminem
469 1975 562 2012 satis
601 1976 828 2026 intelligere
864 1978 1020 2026 opinor.
1103 1977 1220 2014 Haud
1255 1977 1374 2015 dubie
1410 1980 1699 2019 restituendum
1737 1982 1804 2022 διὰ
1840 1989 1921 2025 τῶν
1957 1987 2076 2037 α’λῶν,
2116 1993 2139 2030 i.
2172 2007 2205 2029 e.
2245 1998 2361 2032 animi

237 2047 611 2097 perturbationibus,
640 2048 797 2095 insania,
828 2062 905 2100 qua
934 2048 1094 2102 quidem
1121 2049 1275 2099 Pythia,
1304 2050 1373 2087 ubi
1402 2052 1598 2103 tripodem
1628 2057 1922 2108 conscenderat,
1963 2063 2046 2113 rapi
2074 2066 2235 2105 solebat.
2292 2070 2358 2108 Sic

238 2121 351 2157 nohis
381 2121 515 2170 prodit
543 2134 677 2158 sensus
706 2122 1032 2172 elegantissimus,
1062 2137 1183 2174 quum
1212 2132 1326 2162 antea
1358 2124 1446 2162 fere
1475 2128 1605 2165 nullus
1636 2140 1751 2167 esset.

345 2277 477 2315 Schol.
507 2278 556 2314 ad
584 2292 618 2315 v.
653 2291 734 2329 ¹09·
787 2275 831 2315 A
842 2290 1057 2328 τεχνως
1088 2276 1176 2318 ἀντὶ
1203 2283 1277 2320 τοῦ
1305 2278 1456 2330 ἁπλῶς,
1483 2283 1683 2334 καθάπαξ,
1715 2285 1737 2326 ὅ
1767 2288 1882 2338 ἐστιν,
1923 2291 1980 2331 ἑνὶ
2019 2293 2134 2345 λόγω,
2174 2295 2240 2337 οΞλ
2228 2303 2356 2351 7-&033

237 2350 349 2402 τέχνή
376 2348 453 2401 γὰρ
482 2348 504 2390 ὁ
532 2347 649 2396 δόλος
677 2348 787 2401 παρὰ
825 2353 909 2397 τοῖς
932 2348 1148 2399 Ἀττικοῖς·
1187 2351 1233 2393 τὸ
1262 2353 1305 2394 δε
1331 2350 1428 2394 α’νευ
1457 2354 1581 2397 δόλου
1610 2356 1776 2411 ἀληθές·
1816 2358 1838 2401 ὁ
1876 2362 1950 2415 γὰρ
1991 2365 2107 2415 τόνος
2145 2371 2359 2414 (διαστέλλει

237 2420 281 2461 τὸ
320 2420 635 2474 σημαινόμενον,
682 2438 754 2474 την
781 2437 821 2462 τε
848 2437 916 2474 της
941 2422 1076 2475 τέχνης
1104 2423 1311 2477 στέρησιν,
1360 2429 1427 2467 καὶ
1455 2428 1500 2469 τὸ
1528 2428 1758 2484 ἀδιάφορον
1794 2438 1860 2486 τῆς
1895 2437 2077 2489 χρήσεως.
2159 2441 2356 2496 Ἇῑεχυώς,

238 2495 361 2533 οἱονεὶ
389 2492 550 2544 ἀτενῶς,
576 2493 672 2546 μετὰ
702 2497 897 2563 περισσοῦ
924 2498 998 2535 τοῦ
1024 2511 1057 2547 χ.
2253 2488 2263 2496 ί

345 2602 480 2638 »Haec
507 2613 597 2638 sana
623 2614 702 2639 non
729 2601 924 2638 videntur.
980 2602 1079 2640 Post
1110 2600 1259 2654 ἄληθες
1286 2606 1428 2645 subiici
1454 2608 1623 2648 debebat
1653 2609 1767 2662 ἆτέχν
1771 2628 1832 2660 ως,
1871 2613 1968 2656 ἄνευ
1996 2593 2084 2669 τέχι
2076 2635 2139 2671 νς,
2178 2621 2356 2674 ἀμαθῶς,

237 2669 411 2723 ἀμελως,
460 2680 528 2721 aut
562 2672 688 2711 simile
720 2672 931 2727 quiddam,
983 2682 1028 2713 ut
1064 2677 1272 2716 commode
1311 2689 1546 2731 sequeretur
1585 2679 1607 2722 ὁ
1643 2682 1718 2735 γὰρ
1755 2683 1870 2734 τόνος
1896 2697 1971 2728 etc.
2056 2692 2209 2734 Omissi
2237 2699 2360 2739 fuisse

1892 2789 1916 2814 ιιι
