2510 2979
1068 19 1394 74 ··.··2-

156 143 386 205 Comoediis
414 143 564 182 scholia
593 145 785 198 quaedam
812 146 1013 200 adscripta
1038 146 1175 197 fuisse,
1202 149 1274 187 ubi
1301 150 1435 201 vides,
1471 151 1658 191 habuisse
1686 164 1752 198 eas
1780 154 1976 206 lectores,
2017 156 2086 211 qui
2115 157 2303 210 exegesin

156 217 328 269 aliquam
360 231 439 255 non
473 226 661 268 poterant
696 233 775 258 non
814 221 1058 259 desidem-e.
1144 223 1388 285 Praesertim
1425 225 1517 276 quia
1553 227 1724 274 nostris,
1783 228 1929 280 quibus
1975 230 2097 268 hodie
2141 232 2302 280 utimur,

157 289 412 330 scholiorum
451 291 662 330 codicibus
689 294 813 331 multa
839 295 1095 333 continentur
1121 293 1172 333 de
1200 294 1428 360 bominibus
1457 297 1635 350 alioquin
1661 299 1841 339 obscuris
1868 311 2041 352 narrata,
2078 317 2192 359 quae,
2224 305 2302 343 nisi

156 363 232 400 iam
260 363 356 415 ipsis
381 365 528 416 poetae
562 365 811 417 temporibus
854 365 1019 419 singulis
1049 367 1352 407 comoediarum
1389 368 1489 409 locis
1527 369 1663 410 addita
1703 379 1852 422 essent,
1896 384 2098 430 nunquam
2134 385 2301 418 aetatem

154 444 330 476 nostram
356 437 504 477 vidisse
531 438 699 477 diceres.

262 512 437 550 Prorsus
475 512 549 551 alia
595 492 891 566 tragoediarum
929 514 1140 567 Sophoclis
1185 515 1261 556 fuit
1298 518 1412 557 ratio.
1495 519 1610 578 Quae
1655 533 1776 573 quum
1822 521 1997 561 homines
2035 528 2301 576 magnanimos

154 587 304 625 virtute
340 599 412 624 sua
436 585 531 624 fatis
572 586 743 627 sinistris
790 588 1039 628 obluctantes
1085 591 1374 642 exprimerent,
1427 601 1738 647 argumentoque
1784 594 1982 635 haberent
2025 611 2073 636 ex
2118 600 2299 650 mythicis

153 659 345 698 historiae
376 659 556 702 Graecae
591 662 843 714 temporibus
881 660 1108 713 depromta,
1155 664 1319 702 lecturis
1349 666 1563 715 notissima,
1590 665 1737 705 sactum
1768 675 1851 717 est,
1893 678 1940 708 ut
1968 670 2108 709 famam
2137 673 2300 725 quidem

154 732 484 786 gloriosissimam
511 734 678 786 adeptae
706 735 799 784 sint,
844 735 917 773 sed
944 743 1029 774 tum
1058 735 1218 796 demum
1246 746 1500 776 enarratores
1523 740 1761 790 invenerint,
1800 742 1871 780 ubi
1897 743 2028 794 lingua
2054 745 2130 782 iam
2157 745 2299 797 depra-

153 807 241 846 vari
273 814 465 859 coeperat
498 815 540 845 et
578 808 799 860 scriptores
826 808 983 848 Atticae
1019 808 1179 848 dialecti
1213 816 1399 863 tanquam
1426 813 1605 864 exempla
1631 814 1806 864 purioris
1837 815 2074 856 Graecitatis
2101 831 2299 871 propone-
2365 820 2371 825 ’

152 881 312 919 bantur.
377 882 544 933 Loquor
566 881 631 943 vde
656 890 799 922 ,aetate
826 883 1159 923 Ptolemaeorum.
1238 883 1320 943 Qui
1348 885 1550 926 Musarum
1585 894 1703 940 atque
1741 889 1885 927 artium
1921 890 2175 942 sospitatores
2202 891 2297 931 Ale·

149 955 342 995 sandi-iae
379 955 643 1006 imperabant,
677 957 780 995 urbe
827 958 1141 1008 opulentissima,
1197 972 1219 995 a
1261 958 1482 1008 primordio
1529 961 1620 998 inde
1666 961 1869 999 literarum
1906 963 2148 1002 Graecarum
2186 967 2297 1017 quasi

153 1027 369 1066 domicilio.
433 1027 519 1066 Sub
554 1028 700 1067 horum
739 1029 861 1082 igitur
894 1029 1081 1082 auspiciis
1114 1029 1192 1068 viri
1220 1030 1410 1084 egregiae
1439 1032 1698 1083 eruditionis,
1743 1034 1983 1073 liberalitate
2010 1048 2108 1075 vere
2135 1040 2246 1090 regia
2274 1053 2297 1079 e

153 1101 318 1139 Graecis
355 1102 587 1151 convocati,
629 1115 792 1163 operam
827 1103 1020 1161 navabant
1064 1104 1304 1156 colligendis
1350 1104 1529 1157 undique
1575 1106 1673 1153 artis,
1717 1108 1984 1160 scientiaeque
2022 1112 2297 1161 monumentis,

143 1182 324 1229 'quorum
357 1176 533 1228 pretium
569 1185 682 1216 tanto
716 1177 842 1230 majus
880 1176 979 1226 fuit,
1028 1177 1137 1230 quod
1170 1192 1315 1230 magno
1352 1190 1478 1230 opere
1520 1178 1728 1228 provisum
1767 1188 1851 1229 est,
1901 1190 1946 1219 ut
1982 1183 2296 1234 quamplurimi

141 1249 393 1301 ‘scriptorum
426 1250 598 1303 propria*
623 1263 741 1289 manu
788 1251 939 1290 exarati
987 1250 1148 1290 codices
1186 1250 1530 1305 conquirerentur.
1612 1251 1748 1313 Quare
1782 1252 1941 1303 evenit,
1988 1261 2033 1292 ut
2058 1253 2297 1297 Alexandria

143 1328 246 1375 'prae
282 1325 428 1362 ceteris
464 1323 578 1363 orbis
611 1332 809 1363 terrarum
842 1323 1031 1372 urbibus,
1067 1338 1119 1363 ne
1146 1327 1273 1363 Roma
1302 1325 1462 1377 quidem
1490 1334 1669 1377 excepta,
1716 1326 1940 1365 istiusmodi
1965 1324 2157 1367 thesauris
2186 1330 2296 1371 dives

150 1404 271 1445 esset,
300 1397 369 1450 qui
394 1398 568 1450 primum
595 1398 636 1437 in
662 1398 859 1448 Bruchio,
896 1400 1091 1450 particula
1120 1399 1251 1452 aliqua
1276 1399 1425 1447 Musei,
1469 1399 1826 1448 conservabantur,
1859 1400 2069 1452 deinceps,
2104 1386 2297 1441 librorum

150 1471 392 1510 collectione
417 1471 585 1512 mirifice
618 1479 750 1519 aucta,
788 1472 906 1509 etiam
936 1472 1157 1524 Serapeum
1185 1473 1411 1524 explebant.
1484 1474 1527 1509 In
1553 1473 1691 1511 Museo
1720 1480 1871 1520 autem,
1916 1482 2085 1525 propter
2108 1475 2297 1525 palatium

151 1545 310 1597 regium
337 1546 427 1593 sito,
455 1545 536 1585 viri
565 1546 625 1584 illi
654 1546 767 1585 docti
791 1545 953 1598 publice
981 1545 1201 1594 alebantur,
1230 1546 1299 1599 qui
1328 1547 1393 1586 vel
1420 1546 1600 1594 aliorum,
1630 1560 1801 1599 quorum
1814 1545 2015 1585 delectum
2038 1546 2232 1586 haberent
2241 1536 2295 1598 ⁸),

221 1703 257 1743 ⁶)
301 1703 464 1736 Placebit
484 1704 550 1736 hac
574 1703 619 1737 de
641 1715 683 1737 re
705 1705 818 1737 verba
840 1703 983 1737 Davidis
1003 1704 1205 1737 Ruhnkenii
1227 1705 1398 1745 attulisse,
1421 1704 1457 1736 in
1479 1704 1596 1749 praef.
1621 1703 1667 1736 ad
1687 1704 1858 1737 Rutilium
1881 1704 2036 1748 Lupum,
2058 1715 2138 1749 pag.
2164 1705 2291 1738 XCIV.

145 1756 147 1758 ’
279 1766 358 1801 sqq.
404 1757 532 1789 Exorti
565 1764 667 1799 sunt,
705 1758 841 1802 inquit,
881 1757 954 1790 duo
986 1768 1126 1790 summo
1165 1757 1308 1801 iugenio
1341 1763 1377 1790 et
1414 1756 1586 1801 singulari
1624 1755 1787 1789 doctrina
1819 1755 1963 1796 Critici,
2000 1756 2229 1789 Aristarchus
2261 1764 2297 1790 et

278 1808 541 1854 Aristophanes
563 1810 775 1855 Byzantius,
806 1810 880 1855 qui,
902 1821 1017 1854 quum
1039 1808 1390 1851 animadvertissent,
1428 1810 1609 1855 ingentem
1639 1809 1859 1854 scriptorum
1890 1808 2034 1843 turbam
2064 1810 2146 1854 plus
2168 1809 2296 1845 obesse

279 1863 385 1897 bonis
408 1864 540 1905 literis,
571 1876 679 1909 quam
701 1864 895 1909 prodesse,
925 1875 1029 1896 suum
1052 1857 1223 1896 iudic'ium
1245 1864 1377 1904 secuti,
1412 1869 1550 1897 certum
1575 1862 1689 1895 omnis
1711 1862 1853 1907 generis
1875 1862 2093 1906 scriptorum
2118 1861 2295 1896 delectum

278 1915 468 1951 haberent.
522 1916 648 1962 Itaque
679 1928 722 1951 ex
751 1927 880 1961 magna
903 1916 1102 1952 Oratorum
1134 1915 1237 1960 copia
1266 1922 1435 1962 tanquam
1465 1914 1503 1948 in
1532 1924 1708 1948 canonem
1739 1913 1862 1948 decem
1886 1913 2057 1948 duntaxat
2078 1915 2295 1957 retulerunt,

275 1962 551 2015 Antiphontem,
579 1970 817 2011 Andocidem,
847 1970 1007 2014 Lysiam,
1040 1970 1256 2010 Isocratem,
1290 1969 1448 2009 ¹Isaeum,
1477 1967 1713 2008 Aeschinem,
1745 1968 1972 2012 Lycurgum,
2002 1968 2295 2009 Demosthenem,

274 2022 510 2068 Hyperidem,
534 2023 767 2057 Dinarchum.
812 2023 867 2058 Ex
889 2021 1055 2056 Heroicis
1076 2022 1193 2066 poetis
1214 2020 1353 2066 recepti
1374 2026 1459 2054 sunt
1479 2020 1674 2062 Homerus,
1695 2018 1888 2061 Hesiodus,
1910 2018 2096 2061 Pisander,
2116 2020 2296 2064 Pangaeis,

274 2076 526 2110 Antimachus:
559 2087 579 2109 e
603 2076 892 2121 Jambographis,
924 2074 1176 2115 Archilochus,
1207 2072 1423 2114 Simonides,
1452 2073 1662 2118 Hipponax:
1701 2083 1745 2107 ex
1774 2072 1961 2117 Elegiacis‚
1993 2072 2163 2113 caninus,
2193 2073 2294 2107 Mim-

274 2139 443 2169 nermus,
473 2129 650 2170 Philetas,
680 2128 937 2162 Callimachus:
985 2138 1004 2160 e
1035 2127 1191 2171 Lyricis,
1223 2127 1396 2167 Alcman,
1425 2125 1600 2166 Alcaeus,
1631 2124 1800 2170 Sappho,
1831 2124 2078 2166 Stesichorus,
2108 2125 2295 2168 Pindarus,

273 2181 519 2227 Bacchylides,
548 2183 690 2226 Ibycus,
720 2182 928 2221 Anacreon,
962 2180 1184 2215 Simonides:
1222 2190 1242 2213 e
1266 2179 1447 2223 Tragicis,
1476 2178 1695 2222 Aeschylus,
1726 2177 1947 2221 Sophocles,
1976 2177 2189 2222 Euripides,
2206 2181 2295 2220 jou,

274 2235 459 2272 schem:
508 2247 551 2270 ex
574 2235 742 2281 antiquae
773 2232 993 2269 Comoedias
1025 2232 1284 2279 scriptoribus,
1312 2231 1568 2277 Epicharmus,
1594 2230 1789 2271 Cratinus,
1819 2228 1991 2274 Eupolis,
2021 2229 2296 2277 Aristophanes,

273 2290 525 2330 Pherecrates,
546 2288 672 2329 Plato;
705 2298 748 2320 ex
771 2287 923 2327 mediae,
945 2287 1168 2329 Antiphanes
1191 2292 1228 2318 et
1249 2285 1390 2325 Alexis3
1422 2296 1467 2317 ex
1488 2294 1615 2323 novae,
1636 2282 1849 2322 Menander,
1870 2283 2099 2326 Philippides,
2120 2285 2296 2333 Diphilus,

274 2341 479 2383 Philemon,
509 2337 774 2386 Apollodorus.
856 2339 901 2372 ln
920 2337 1185 2372 Historicorum
1210 2346 1362 2370 censura
1383 2334 1530 2382 probati
1551 2340 1636 2368 sunt
1650 2332 1878 2379 Herodotus,
1908 2333 2147 2379 Thucydides,
2177 2337 2294 2372 Xeno-

273 2394 387 2440 phon,
410 2393 682 2437 Theopompus,
705 2392 886 2436 Ephorus,
907 2391 1159 2431 Anaximenes,
1183 2390 1429 2425 Callisthenes.
1496 2388 1736 2432 Tragicos-um
1767 2386 1900 2432 duplex
1931 2387 2024 2420 ordo
2046 2387 2126 2422 fuit.
2192 2390 2293 2423 Prin-

275 2444 375 2494 cipes
396 2446 460 2489 illi,
481 2457 576 2493 quos
597 2444 709 2480 modo
733 2444 1034 2485 enumeravimus,
1055 2435 1124 2488 τῆς
1150 2429 1488 2488 πρώτηςπᾶξεως
1514 2440 1681 2475 fuerunt:
1718 2439 1904 2495 Philiscus,
1936 2440 2177 2486 Corcyraeus,
2213 2439 2294 2477 cum

273 2513 336 2537 sex
358 2501 447 2541 aliis,
468 2511 561 2545 quos
583 2505 751 2534 recenset
773 2498 961 2532 Scholiast.
985 2497 1244 2541 Hephaestion.
1268 2507 1349 2540 pag.
1373 2496 1429 2530 32.
1451 2496 1507 2539 93.
1530 2488 1600 2537 τῆς
1628 2483 1817 2536 δευτέρας
1844 2484 2000 2533 vagense.
2051 2494 2134 2529 Vid,
2165 2496 2294 2532 suida,

272 2566 306 2587 v.
335 2543 530 2590 mc
558 2544 689 2594 Κοᾳκ.
755 2544 862 2585 Hunc
886 2549 1105 2583 Criticorum
1128 2559 1316 2589 mnonem,
1346 2551 1493 2593 praeter
1514 2547 1686 2582 Proclum
1711 2546 1975 2581 Chrestomath.
1999 2557 2035 2590 p.
2057 2547 2134 2587 340.
2156 2544 2234 2593 sqq.
2259 2556 2295 2582 et

273 2604 674 2659 &aquaticumflibh
689 2605 809 2640 Coisl.
832 2616 868 2650 p.
900 2604 975 2649 597.
998 2610 1143 2640 secutus
1163 2608 1219 2637 est
1242 2600 1506 2652 Quinctilianus
1526 2600 1624 2636 libro
1647 2599 1808 2642 decimo,
1837 2599 1902 2634 uhi
1924 2599 2174 2642 classicorum,
2202 2612 2294 2646 quos

273 2660 435 2701 dicimus,
456 2660 676 2705 scriptorum
698 2668 846 2691 censum
869 2657 950 2702 agit.
995 2656 1157 2689 Primum
1186 2665 1276 2688 vero
1307 2653 1486 2687 delectum
1517 2654 1562 2687 ab
1586 2653 1796 2687 Aristarcho
1828 2658 1865 2686 et
1886 2651 2127 2695 Aristophane
2157 2652 2293 2691 institu-
