2510 2979
1086 98 1412 143 —ss-

283 231 403 282 Neque
438 230 652 281 Sophoclem
682 232 838 278 neglexit
871 239 1005 275 noster,
1035 230 1103 269 sed
1135 234 1403 270 commentat-:Ze
1429 230 1627 270 illustravit
1658 230 1881 271 doctissimis.
1940 233 1991 271 ·1n
2025 232 2121 285 ipsis
2155 234 2326 275 vetustis

171 305 221 344 ad
254 306 468 357 Tragicum
499 302 670 342 Scholiis
700 303 748 343 de
782 303 1012 343 Aristarcho
1057 304 1218 357 quidem
1259 303 1382 342 altum
1421 312 1481 343 est
1518 304 1742 355 silentium,
1781 304 1858 343 nisi
1893 306 2004 360 quod
2029 307 2155 347 semel
2182 308 2327 348 citatur

169 377 430 431 Ἀρίσταρχος
464 375 486 417 ὁ
528 375 745 430 Τεγεάτης,
789 382 910 429 poe-'ta
954 380 1150 430 tragicuS,
1200 380 1248 416 ad
1283 378 1430 430 Oedip.
1476 380 1558 417 Col.
1606 382 1703 421 1316
1716 395 1728 429 3
1780 392 1920 418 verum
1954 389 2098 420 testem
2135 384 2325 422 habemus

171 454 279 491 haud
306 452 650 491 .contemnendum
682 454 1065 503 Harpocrationem,
1111 453 1172 491 ed.
1215 455 1337 492 Gron.
1371 467 1410 504 p.
1439 457 1513 503 45,
1557 455 1625 507 qui
1653 468 1692 493 v.
1725 451 2032 507 Λερμιστής
2060 479 2110 485 -
2138 458 2326 509 Δίδυμος

162 525 248 578 «μὲν
275 523 510 569 ἀποδίδωσι
536 522 827 579 τόνισκιόληκα
856 523 968 567 οὕτω
994 525 1182 578 λέγεσθαι
1208 528 1265 582 τῷ
1292 530 1507 581 Σοφοκλεῖ
1531 526 1575 569 ἐν
1603 524 1763 581 Νιόβῃ·
1806 523 2157 583 Ἀρίσταρχος
2186 529 2240 581 δὲ,
2268 527 2324 571 τὸ

173 597 529 650 Σοφόκλειον
557 597 947 651 ἐξηγούμενος,
976 598 1049 639 τὸν
1086 598 1185 650 ὅφιν
1212 598 1408 641 ἀπέδωκε.
1465 603 1715 653 Repetuntur
1752 601 1902 640 eadem
1932 603 2031 640 haec
2061 604 2118 640 ab
2150 593 2322 653 'EtymoL

173 677 239 721 M„
265 689 355 725 pag.
393 677 482 724 257,
515 676 593 724 37„
631 673 681 712 ab
711 679 918 723 Anonymo
960 676 999 712 in
1026 675 1204 714 Belilieri
1241 676 1459 714 Anecdotis
1485 676 1672 724 Graecis,
1708 683 1801 714 tom.
1834 677 1862 714 1.
1898 691 1937 728 p.
1970 684 2059 721 2l01.
2094 686 2135 715 et
2168 677 2323 718 Phavo·

175 749 281 795 rino,
320 761 358 786 v.
404 744 644 799 Δερμιστής,
684 760 773 799 pag.
816 753 908 797 470,
942 762 998 797 ¹7·
1074 748 1303 799 Discipulos
1346 749 1484 787 habuit
1522 751 1744 797 Mnaseam,
1789 749 2053 788 Menandrum
2087 758 2127 789 et
2159 752 2323 800 Aristin,

175 823 265 875 qui,
305 830 349 860 ut
389 830 430 860 et
474 822 656 872 ipsorum
704 828 944 869 sectatores,
993 821 1228 860 Aristarchii
1271 823 1581 874 appellabantur.
1662 824 1729 861 De
1777 823 1862 861 aliis
1905 825 2061 875 scriptis
2103 825 2320 865 Aristarchi

168 896 386 935 videantur
419 894 617 933 Meursius
655 896 696 931 in
732 894 839 932 Bibl.
875 895 1034 933 Graeca
1067 903 1107 932 et
1138 896 1297 933 Jonsius
1333 897 1359 933 l.
1388 896 1413 933 l.
1443 918 1493 926 -

225 1013 656 1060 ΑΠΟΛΛΩΝῙΟΣ,
706 1008 1001 1064 Ἀλεξανδρεύς,
1056 1010 1223 1064 ποιητής
1330 1013 1704 1061 APOLLONIUS,
1735 1016 2048 1062 Alexandrinus,
2084 1025 2203 1066 poeta
2226 1019 2321 1067 Epi-

173 1088 307 1136 ἐπῶν,
344 1082 367 1127 ὁ
396 1085 439 1127 ἐν
471 1083 597 1140 Ῥόδῳ
625 1086 863 1138 διατρίψας,
900 1084 989 1133 υἱὸς
1016 1086 1219 1135 Σιλλείου,
1276 1101 1357 1135 cus,
1389 1087 1457 1140 qui
1490 1088 1625 1127 Rhodi
1651 1089 1762 1136 vixit,
1792 1087 1897 1127 filius
1929 1089 2057 1136 Sillei,
2101 1089 2320 1141 discipulus

172 1159 356 1214 μαθητὴς
394 1156 679 1212 Καλλιμάχου,
727 1155 939 1212 ἡλικιώτης
983 1156 1220 1211 Ἐρατοσθέ·
1275 1161 1523 1208 Callimachi,
1582 1161 1757 1214 aequalis
1814 1162 2108 1210 Eratosthenis,
2160 1163 2321 1214 Eupho-

168 1251 281 1285 νους,
321 1230 597 1286 Εὐφορίωνος
633 1232 701 1273 καὶ
731 1230 949 1284 Τιμάρχου,
978 1232 1043 1273 ἐπὶ
1072 1236 1220 1272 Πτολε·
1273 1235 1399 1272 rionis
1429 1243 1469 1272 et
1495 1236 1708 1282 Timarchi,
1743 1244 1924 1287 tempore
1950 1237 2169 1275 Ptolemaei
2191 1239 2320 1275 Euer-

169 1312 297 1364 μαίσυ
335 1310 411 1350 τοῦ
448 1304 680 1360 Εὐεργέτου
717 1306 786 1347 καὶ
821 1304 919 1359 μετὰ
950 1305 1220 1360 Ἐρατοσθένη
1275 1317 1389 1361 getae
1415 1317 1455 1346 et
1480 1317 1572 1360 post
1600 1309 1907 1348 Eratosthenem
1937 1309 2197 1348 Alexandriae
2233 1310 2319 1348 bib-

170 1387 240 1441 τῇς
257 1381 611 1435 ,ἐν’Ἀλεξανδρείᾳ
635 1378 899 1434 βιβλιοθήκης
924 1378 1163 1433 προστάτης.
1274 1382 1471 1421 liothecae
1503 1383 1738 1433 praefectus.
1763 1406 1815 1412 —-

278 1490 539 1542 Apollonius,
581 1491 648 1526 cui
693 1500 911 1539 cognomen
941 1496 1004 1525 est
1028 1488 1213 1536 Rhodio,
1264 1502 1312 1525 an
1350 1489 1660 1539 Aristophanem
1707 1497 2004 1527 commentariis
2052 1493 2318 1537 exornaverit,

174 1567 352 1607 dubitari
379 1572 523 1617 potest.
583 1563 760 1611 Scilicet,
794 1577 915 1615 quum
943 1562 984 1600 in
1010 1561 1183 1600 Scholiis
1216 1562 1357 1613 plures
1386 1571 1674 1602 recenseantur
1704 1562 1932 1614 Apollonii3
1982 1563 2190 1615 Apollonius
2227 1566 2319 1603 nude

172 1647 223 1681 sic
262 1641 399 1684 dictus,
457 1637 506 1676 ad
544 1640 642 1677 Ran.
690 1639 801 1682 1148.
862 1633 1121 1689 Ἀρίσταρχος
1158 1635 1226 1677 καὶ
1262 1633 1536 1686 Ἀπολλώνιος
1571 1637 1781 1690 τριλογίαν
1807 1634 1982 1688 λέγουσι,
2012 1639 2082 1689 (sc.
2110 1634 2182 1690 τὴν
2206 1635 2319 1687 Ὀρε-

174 1717 307 1766 στίαν)
335 1711 459 1766 χῶρις
486 1714 570 1752 τῶν
600 1712 856 1762 Σατυρικῶν.
902 1716 1011 1763 ¹294·
1038 1708 1298 1762 Ἀρίσταρχος
1327 1710 1394 1750 καὶ
1426 1707 1711 1759 Ἀπολλώνιος,
1748 1709 2022 1758 ἐπισκέψασθε
2060 1708 2192 1751 πόθεν
2230 1713 2317 1751 εἰσί.

174 1792 292 1839 ,ι367.
316 1783 591 1834 Ἀπολλώνιος
619 1781 731 1837 παρὰ
756 1782 807 1826 τὰ
833 1783 877 1827 ἐκ
903 1787 987 1825 τῶν
1016 1781 1258 1835 Εὐμενίδων
1287 1784 1412 1837 φησὶν
1439 1781 1550 1825 εἶναι.
1600 1786 1648 1823 ad
1682 1785 1790 1823 Plut.
1828 1787 1919 1826 .1o3.
1953 1784 2001 1823 ad
2031 1786 2129 1823 Ran.
2158 1800 2195 1825 v.
2227 1788 2317 1832 423.

164 1868 263 1909 ,804
304 1866 394 1914 849.
437 1864 527 1911 874.
565 1872 655 1913 990.
713 1859 923 1909 Apollonius
961 1859 1156 1901 Rhodius,
1212 1859 1262 1895 ad
1298 1859 1403 1896 Plut.
1445 1860 1508 1899 63.
1580 1859 1789 1908 Apollonius
1824 1859 2078 1902 Acharnensis,
2120 1861 2241 1897 semel
2270 1861 2319 1896 ad

174 1939 277 1976 Nub.
315 1939 406 1982 423.
470 1934 694 1985 Apollonius,
738 1933 928 1972 Chaeridis
960 1932 1086 1984 filius,
1139 1933 1260 1971 semel
1292 1933 1341 1970 ad
1376 1934 1498 1983 Vesp.
1539 1935 1673 1972 1231.:
1724 1934 1930 1985 quaeritur
1975 1932 2155 1985 quisnam
2192 1932 2319 1972 fuerit

173 2010 412 2064 Apollonius
449 2008 541 2056 ille,
582 2021 603 2044 a
637 2006 911 2044 Grammaticis
940 2007 1044 2043 nude
1073 2007 1130 2043 sic
1163 2008 1396 2057 appellatus.
1479 2006 1655 2056 Cogitari
1690 2007 1816 2056 possit
1846 2006 1897 2045 de
1923 2007 2111 2057 Apollonio
2143 2007 2318 2054 Dyscolo,

171 2084 442 2125 Grammatico
487 2081 581 2118 satis
623 2082 792 2128 illustri,
844 2082 894 2118 de
932 2094 1010 2131 quo
1055 2082 1217 2118 Suidas:
1282 2078 1577 2126 »Ἀπολλώνιος
1614 2102 1663 2108 —-
1699 2076 2000 2130 Ἀλεξανδρεύς,
2057 2089 2317 2131 cognomento

173 2159 387 2212 Dyscolus,
415 2163 530 2209 pater
563 2154 787 2196 Herodiani
824 2154 1042 2203 Technici,
1068 2154 1178 2206 cujus
1204 2154 1352 2207 scripta
1386 2154 1484 2192 haec
1517 2161 1644 2192 sunt.<‹
1703 2155 2000 2193 Enumerantur
2026 2154 2168 2202 multa,
2208 2167 2316 2192 mere

174 2233 450 2279 Grammatica‚
472 2237 590 2282 atque
615 2230 655 2266 in
684 2229 768 2268 hisi:
824 2230 888 2266 De
917 2230 1135 2278 Dialectis,
1169 2229 1337 2277 Dorica,
1365 2230 1525 2275 Jonica,
1556 2229 1735 2275 Aeolica,
1771 2230 1925 2278 Attica3
1973 2230 2036 2267 De
2073 2229 2317 2267 accentibus

168 2310 272 2350 ¹,libri
287 2309 339 2355 V3
359 2319 408 2343 ex
435 2304 580 2357 quibus
607 2312 796 2355 excerpta
817 2304 980 2351 dixeris,
1010 2318 1111 2356 quae
1139 2306 1327 2356 leguntur
1358 2304 1407 2342 ad
1431 2305 1534 2342 Plut.
1562 2307 1647 2344 103.
1676 2312 1717 2341 et
1738 2304 1786 2340 ad
1804 2307 1900 2341 Ran.
1925 2306 2014 2354 874.
2043 2305 2194 2343 Verum
2221 2304 2317 2340 haec

173 2393 376 2433 utcunque
421 2380 514 2429 sint,
557 2379 791 2430 Apollonius
817 2378 1020 2426 Rhodius,
1070 2393 1191 2432 quum
1220 2379 1489 2419 bibliothecae
1512 2377 1737 2430 praefectus
1774 2386 1901 2427 esset,
1952 2392 2030 2417 non
2070 2385 2203 2429 potest
2239 2390 2316 2416 non

173 2454 447 2511 praeceptoris
475 2451 717 2501 Callimachi,
754 2452 1015 2492 antecessoris
1042 2452 1317 2491 Eratosthenis
1348 2452 1476 2490 studia
1504 2461 1590 2490 toto
1622 2452 1748 2489 animo
1781 2453 1982 2504 amplexus
2012 2464 2110 2489 esse.
2174 2452 2317 2503 Neque

174 2531 298 2568 obiici
320 2536 467 2580 potest,
496 2527 756 2577 Apollonium
788 2529 974 2576 Epicum,
1013 2529 1196 2579 quoniam
1224 2527 1373 2564 Rhodii
1402 2540 1621 2576 cognomen
1651 2527 1815 2573 habeat,
1858 2527 1927 2563 ubi
1962 2539 2011 2562 ex
2039 2526 2315 2576 Argonauticis

164 2608 261 2655 ‚ejus
298 2603 492 2656 quaedam
532 2603 644 2639 allata
684 2603 779 2648 sint,
822 2602 1052 2640 necessario
1090 2601 1241 2653 ubique
1269 2601 1328 2639 sic
1358 2602 1594 2652 appellatum
1622 2615 1709 2641 esse
1738 2610 1946 2651 oportere,
1989 2599 2021 2638 si
2060 2598 2165 2637 idem
2213 2605 2316 2636 esset

174 2693 263 2719 cum
300 2675 574 2728 Aristophanis
613 2675 848 2727 interprete.
917 2675 1016 2714 Nam
1055 2674 1287 2727 saepissime
1330 2675 1414 2714 sine
1456 2675 1533 2714 hoc
1573 2683 1831 2727 cognomento
1868 2673 2024 2712 citatur,
2092 2671 2196 2712 Vide
2225 2670 2314 2709 Sch.

173 2755 221 2792 ad
249 2752 438 2801 Sophocl.
473 2753 618 2789 Electr.
655 2757 746 2798 447.
778 2766 866 2796 '⁷³47-
925 2752 1127 2800 Aristoph.
1166 2753 1271 2786 Plut.
1305 2762 1390 2787 210.
1449 2751 1550 2787 Nub.
1585 2754 1671 2802 397.
